@misc{LaplaceRedux.jl,
	author  = {Patrick Altmeyer},
	title   = {LaplaceRedux.jl},
	url     = {https://github.com/JuliaTrustworthyAI/LaplaceRedux.jl},
	version = {v0.1.0},
	year    = {2022},
	month   = {2}
}
