%% This BibTeX bibliography file was created using BibDesk.
%% https://bibdesk.sourceforge.io/

%% Created for Patrick Altmeyer at 2022-10-11 14:03:41 +0200 


%% Saved with string encoding Unicode (UTF-8) 



@inproceedings{martens2015optimizing,
	author = {Martens, James and Grosse, Roger},
	booktitle = {International conference on machine learning},
	date-added = {2022-10-11 14:03:34 +0200},
	date-modified = {2022-10-11 14:03:34 +0200},
	organization = {PMLR},
	pages = {2408--2417},
	title = {Optimizing neural networks with kronecker-factored approximate curvature},
	year = {2015}}

@article{abadie2002instrumental,
	author = {Abadie, Alberto and Angrist, Joshua and Imbens, Guido},
	date = {2002},
	journaltitle = {Econometrica : journal of the Econometric Society},
	number = {1},
	pages = {91--117},
	shortjournal = {Econometrica},
	title = {Instrumental Variables Estimates of the Effect of Subsidized Training on the Quantiles of Trainee Earnings},
	volume = {70}}

@article{abadie2003economic,
	author = {Abadie, Alberto and Gardeazabal, Javier},
	date = {2003},
	journaltitle = {American economic review},
	number = {1},
	pages = {113--132},
	title = {The Economic Costs of Conflict: {{A}} Case Study of the {{Basque Country}}},
	volume = {93}}

@inproceedings{ackerman2021machine,
	author = {Ackerman, Samuel and Dube, Parijat and Farchi, Eitan and Raz, Orna and Zalmanovici, Marcel},
	booktitle = {2021 {{IEEE}}/{{ACM Third International Workshop}} on {{Deep Learning}} for {{Testing}} and {{Testing}} for {{Deep Learning}} ({{DeepTest}})},
	date = {2021},
	pages = {1--8},
	publisher = {{IEEE}},
	title = {Machine {{Learning Model Drift Detection Via Weak Data Slices}}}}

@article{allen2017referencedependent,
	author = {Allen, Eric J and Dechow, Patricia M and Pope, Devin G and Wu, George},
	date = {2017},
	journaltitle = {Management Science},
	number = {6},
	pages = {1657--1672},
	title = {Reference-Dependent Preferences: {{Evidence}} from Marathon Runners},
	volume = {63}}

@article{altmeyer2018option,
	author = {Altmeyer, Patrick and Grapendal, Jacob Daniel and Pravosud, Makar and Quintana, Gand Derry},
	date = {2018},
	title = {Option Pricing in the {{Heston}} Stochastic Volatility Model: An Empirical Evaluation}}

@article{altmeyer2021deep,
	author = {Altmeyer, Patrick and Agusti, Marc and Vidal-Quadras Costa, Ignacio},
	date = {2021},
	title = {Deep {{Vector Autoregression}} for {{Macroeconomic Data}}},
	url = {https://thevoice.bse.eu/wp-content/uploads/2021/07/ds21-project-agusti-et-al.pdf},
	bdsk-url-1 = {https://thevoice.bse.eu/wp-content/uploads/2021/07/ds21-project-agusti-et-al.pdf}}

@book{altmeyer2021deepvars,
	author = {Altmeyer, Patrick},
	date = {2021},
	title = {Deepvars: {{Deep Vector Autoregession}}}}

@misc{altmeyer2022counterfactualexplanations,
	author = {Altmeyer, Patrick},
	date = {2022},
	title = {{{CounterfactualExplanations}}.Jl - a {{Julia}} Package for {{Counterfactual Explanations}} and {{Algorithmic Recourse}}},
	url = {https://github.com/pat-alt/CounterfactualExplanations.jl},
	bdsk-url-1 = {https://github.com/pat-alt/CounterfactualExplanations.jl}}

@article{angelucci2009indirect,
	author = {Angelucci, Manuela and De Giorgi, Giacomo},
	date = {2009},
	journaltitle = {American economic review},
	number = {1},
	pages = {486--508},
	title = {Indirect Effects of an Aid Program: How Do Cash Transfers Affect Ineligibles' Consumption?},
	volume = {99}}

@article{angrist1990lifetime,
	author = {Angrist, Joshua D},
	date = {1990},
	journaltitle = {The American Economic Review},
	pages = {313--336},
	title = {Lifetime Earnings and the {{Vietnam}} Era Draft Lottery: Evidence from Social Security Administrative Records}}

@unpublished{antoran2020getting,
	archiveprefix = {arXiv},
	author = {Antor{\'a}n, Javier and Bhatt, Umang and Adel, Tameem and Weller, Adrian and Hern{\'a}ndez-Lobato, Jos{\'e} Miguel},
	date = {2020},
	eprint = {2006.06848},
	eprinttype = {arxiv},
	title = {Getting a Clue: {{A}} Method for Explaining Uncertainty Estimates}}

@article{arcones1992bootstrap,
	author = {Arcones, Miguel A and Gine, Evarist},
	date = {1992},
	journaltitle = {The Annals of Statistics},
	pages = {655--674},
	title = {On the Bootstrap of {{U}} and {{V}} Statistics}}

@article{ariely2003coherent,
	author = {Ariely, Dan and Loewenstein, George and Prelec, Drazen},
	date = {2003},
	journaltitle = {The Quarterly journal of economics},
	number = {1},
	pages = {73--106},
	title = {``{{Coherent}} Arbitrariness'': {{Stable}} Demand Curves without Stable Preferences},
	volume = {118}}

@article{ariely2006tom,
	author = {Ariely, Dan and Loewenstein, George and Prelec, Drazen},
	date = {2006},
	journaltitle = {Journal of Economic Behavior \& Organization},
	number = {1},
	pages = {1--10},
	title = {Tom {{Sawyer}} and the Construction of Value},
	volume = {60}}

@article{arrieta2020explainable,
	author = {Arrieta, Alejandro Barredo and Diaz-Rodriguez, Natalia and Del Ser, Javier and Bennetot, Adrien and Tabik, Siham and Barbado, Alberto and Garcia, Salvador and Gil-Lopez, Sergio and Molina, Daniel and Benjamins, Richard and others},
	date = {2020},
	journaltitle = {Information Fusion},
	pages = {82--115},
	title = {Explainable {{Artificial Intelligence}} ({{XAI}}): {{Concepts}}, Taxonomies, Opportunities and Challenges toward Responsible {{AI}}},
	volume = {58}}

@article{auer2002finitetime,
	author = {Auer, Peter and Cesa-Bianchi, Nicolo and Fischer, Paul},
	date = {2002},
	journaltitle = {Machine learning},
	number = {2},
	pages = {235--256},
	title = {Finite-Time Analysis of the Multiarmed Bandit Problem},
	volume = {47}}

@article{barabasi2016network,
	author = {Barab{\'a}si, Albert-L{\'a}szl{\'o}},
	date = {2016},
	journaltitle = {Network Science},
	title = {Network {{Science}}}}

@unpublished{bastounis2021mathematics,
	archiveprefix = {arXiv},
	author = {Bastounis, Alexander and Hansen, Anders C and Vla{\v c}i{\'c}, Verner},
	date = {2021},
	eprint = {2109.06098},
	eprinttype = {arxiv},
	title = {The Mathematics of Adversarial Attacks in {{AI}}--{{Why}} Deep Learning Is Unstable despite the Existence of Stable Neural Networks}}

@article{bechara1997deciding,
	author = {Bechara, Antoine and Damasio, Hanna and Tranel, Daniel and Damasio, Antonio R},
	date = {1997},
	journaltitle = {Science (New York, N.Y.)},
	number = {5304},
	pages = {1293--1295},
	shortjournal = {Science},
	title = {Deciding Advantageously before Knowing the Advantageous Strategy},
	volume = {275}}

@book{berlinet2011reproducing,
	author = {Berlinet, Alain and Thomas-Agnan, Christine},
	date = {2011},
	publisher = {{Springer Science \& Business Media}},
	title = {Reproducing Kernel {{Hilbert}} Spaces in Probability and Statistics}}

@misc{bernanke1990federal,
	author = {Bernanke, Ben S},
	date = {1990},
	publisher = {{National Bureau of Economic Research Cambridge, Mass., USA}},
	title = {The Federal Funds Rate and the Channels of Monetary Transnission}}

@article{besbes2014stochastic,
	author = {Besbes, Omar and Gur, Yonatan and Zeevi, Assaf},
	date = {2014},
	journaltitle = {Advances in neural information processing systems},
	pages = {199--207},
	title = {Stochastic Multi-Armed-Bandit Problem with Non-Stationary Rewards},
	volume = {27}}

@article{bholat2020impact,
	author = {Bholat, D and Gharbawi, M and Thew, O},
	date = {2020},
	journaltitle = {Bank of England Quarterly Bulletin, Q4},
	title = {The {{Impact}} of {{Covid}} on {{Machine Learning}} and {{Data Science}} in {{UK Banking}}}}

@book{bishop2006pattern,
	author = {Bishop, Christopher M},
	date = {2006},
	publisher = {{springer}},
	title = {Pattern Recognition and Machine Learning}}

@inproceedings{blundell2015weight,
	author = {Blundell, Charles and Cornebise, Julien and Kavukcuoglu, Koray and Wierstra, Daan},
	booktitle = {International Conference on Machine Learning},
	date = {2015},
	pages = {1613--1622},
	publisher = {{PMLR}},
	title = {Weight Uncertainty in Neural Network}}

@article{borch2022machine,
	author = {Borch, Christian},
	date = {2022},
	journaltitle = {Technology in Society},
	pages = {101852},
	title = {Machine Learning, Knowledge Risk, and Principal-Agent Problems in Automated Trading}}

@unpublished{borisov2021deep,
	archiveprefix = {arXiv},
	author = {Borisov, Vadim and Leemann, Tobias and Se{\ss}ler, Kathrin and Haug, Johannes and Pawelczyk, Martin and Kasneci, Gjergji},
	date = {2021},
	eprint = {2110.01889},
	eprinttype = {arxiv},
	title = {Deep Neural Networks and Tabular Data: {{A}} Survey}}

@article{bramoulle2009identification,
	author = {Bramoull{\'e}, Yann and Djebbari, Habiba and Fortin, Bernard},
	date = {2009},
	journaltitle = {Journal of econometrics},
	number = {1},
	pages = {41--55},
	title = {Identification of Peer Effects through Social Networks},
	volume = {150}}

@article{bramoulle2020peer,
	author = {Bramoull{\'e}, Yann and Djebbari, Habiba and Fortin, Bernard},
	date = {2020},
	journaltitle = {Annual Review of Economics},
	pages = {603--629},
	title = {Peer Effects in Networks: {{A}} Survey},
	volume = {12}}

@unpublished{branco2015survey,
	archiveprefix = {arXiv},
	author = {Branco, Paula and Torgo, Luis and Ribeiro, Rita},
	date = {2015},
	eprint = {1505.01658},
	eprinttype = {arxiv},
	title = {A Survey of Predictive Modelling under Imbalanced Distributions}}

@book{brock1991nonlinear,
	author = {Brock, William Allen and Brock, William A and Hsieh, David Arthur and LeBaron, Blake Dean and Brock, William E},
	date = {1991},
	publisher = {{MIT press}},
	title = {Nonlinear Dynamics, Chaos, and Instability: Statistical Theory and Economic Evidence}}

@inproceedings{buolamwini2018gender,
	author = {Buolamwini, Joy and Gebru, Timnit},
	booktitle = {Conference on Fairness, Accountability and Transparency},
	date = {2018},
	pages = {77--91},
	publisher = {{PMLR}},
	title = {Gender Shades: {{Intersectional}} Accuracy Disparities in Commercial Gender Classification}}

@unpublished{bussmann2020neural,
	archiveprefix = {arXiv},
	author = {Bussmann, Bart and Nys, Jannes and Latr{\'e}, Steven},
	date = {2020},
	eprint = {2010.09429},
	eprinttype = {arxiv},
	title = {Neural {{Additive Vector Autoregression Models}} for {{Causal Discovery}} in {{Time Series Data}}}}

@report{card1993minimum,
	author = {Card, David and Krueger, Alan B},
	date = {1993},
	institution = {{National Bureau of Economic Research}},
	title = {Minimum Wages and Employment: {{A}} Case Study of the Fast Food Industry in {{New Jersey}} and {{Pennsylvania}}}}

@inproceedings{carlini2017evaluating,
	author = {Carlini, Nicholas and Wagner, David},
	booktitle = {2017 Ieee Symposium on Security and Privacy (Sp)},
	date = {2017},
	pages = {39--57},
	publisher = {{IEEE}},
	title = {Towards Evaluating the Robustness of Neural Networks}}

@article{carlisle2019racist,
	author = {Carlisle, M.},
	date = {2019},
	title = {Racist Data Destruction? - a {{Boston}} Housing Dataset Controversy},
	url = {https://medium.com/@docintangible/racist-data-destruction-113e3eff54a8},
	bdsk-url-1 = {https://medium.com/@docintangible/racist-data-destruction-113e3eff54a8}}

@article{carrell2009does,
	author = {Carrell, Scott E and Fullerton, Richard L and West, James E},
	date = {2009},
	journaltitle = {Journal of Labor Economics},
	number = {3},
	pages = {439--464},
	title = {Does Your Cohort Matter? {{Measuring}} Peer Effects in College Achievement},
	volume = {27}}

@article{carrell2013natural,
	author = {Carrell, Scott E and Sacerdote, Bruce I and West, James E},
	date = {2013},
	journaltitle = {Econometrica : journal of the Econometric Society},
	number = {3},
	pages = {855--882},
	shortjournal = {Econometrica},
	title = {From Natural Variation to Optimal Policy? {{The}} Importance of Endogenous Peer Group Formation},
	volume = {81}}

@article{carrizosa2021generating,
	author = {Carrizosa, Emilio and Ramırez-Ayerbe, Jasone and Romero, Dolores},
	date = {2021},
	title = {Generating {{Collective Counterfactual Explanations}} in {{Score-Based Classification}} via {{Mathematical Optimization}}}}

@article{cascarino2022explainable,
	author = {Cascarino, Giuseppe and Moscatelli, Mirko and Parlapiano, Fabio},
	date = {2022},
	journaltitle = {Bank of Italy Occasional Paper},
	number = {674},
	title = {Explainable {{Artificial Intelligence}}: Interpreting Default Forecasting Models Based on {{Machine Learning}}}}

@article{chandola2009anomaly,
	author = {Chandola, Varun and Banerjee, Arindam and Kumar, Vipin},
	date = {2009},
	journaltitle = {ACM computing surveys (CSUR)},
	number = {3},
	pages = {1--58},
	title = {Anomaly Detection: {{A}} Survey},
	volume = {41}}

@article{chapelle2011empirical,
	author = {Chapelle, Olivier and Li, Lihong},
	date = {2011},
	journaltitle = {Advances in neural information processing systems},
	pages = {2249--2257},
	title = {An Empirical Evaluation of Thompson Sampling},
	volume = {24}}

@article{chetty2011adjustment,
	author = {Chetty, Raj and Friedman, John N and Olsen, Tore and Pistaferri, Luigi},
	date = {2011},
	journaltitle = {The quarterly journal of economics},
	number = {2},
	pages = {749--804},
	title = {Adjustment Costs, Firm Responses, and Micro vs. Macro Labor Supply Elasticities: {{Evidence}} from {{Danish}} Tax Records},
	volume = {126}}

@article{cortes1995supportvector,
	author = {Cortes, Corinna and Vapnik, Vladimir},
	date = {1995},
	journaltitle = {Machine learning},
	number = {3},
	pages = {273--297},
	title = {Support-Vector Networks},
	volume = {20}}

@article{crawford2019variable,
	author = {Crawford, Lorin and Flaxman, Seth R and Runcie, Daniel E and West, Mike},
	date = {2019},
	journaltitle = {The annals of applied statistics},
	number = {2},
	pages = {958},
	title = {Variable Prioritization in Nonlinear Black Box Methods: {{A}} Genetic Association Case Study},
	volume = {13}}

@inproceedings{dai2022counterfactual,
	author = {Dai, Xinyue and Keane, Mark T and Shalloo, Laurence and Ruelle, Elodie and Byrne, Ruth MJ},
	date = {2022},
	eventtitle = {Proceedings of the 2022 {{AAAI}}/{{ACM Conference}} on {{AI}}, {{Ethics}}, and {{Society}}},
	pages = {215--226},
	title = {Counterfactual Explanations for Prediction and Diagnosis in Xai}}

@article{danielsson2021artificial,
	author = {Danielsson, Jon and Macrae, Robert and Uthemann, Andreas},
	date = {2021},
	journaltitle = {Journal of Banking \& Finance},
	pages = {106290},
	title = {Artificial Intelligence and Systemic Risk}}

@article{daxberger2021laplace,
	author = {Daxberger, Erik and Kristiadi, Agustinus and Immer, Alexander and Eschenhagen, Runa and Bauer, Matthias and Hennig, Philipp},
	date = {2021},
	journaltitle = {Advances in Neural Information Processing Systems},
	title = {Laplace {{Redux-Effortless Bayesian Deep Learning}}},
	volume = {34}}

@article{dehejia1999causal,
	author = {Dehejia, Rajeev H and Wahba, Sadek},
	date = {1999},
	journaltitle = {Journal of the American statistical Association},
	number = {448},
	pages = {1053--1062},
	title = {Causal Effects in Nonexperimental Studies: {{Reevaluating}} the Evaluation of Training Programs},
	volume = {94}}

@article{dell2010persistent,
	author = {Dell, Melissa},
	date = {2010},
	journaltitle = {Econometrica : journal of the Econometric Society},
	number = {6},
	pages = {1863--1903},
	shortjournal = {Econometrica},
	title = {The Persistent Effects of {{Peru}}'s Mining Mita},
	volume = {78}}

@article{denhengst2020reinforcement,
	author = {den Hengst, Floris and Grua, Eoin Martino and el Hassouni, Ali and Hoogendoorn, Mark},
	date = {2020},
	issue = {Preprint},
	journaltitle = {Data Science},
	options = {useprefix=true},
	pages = {1--41},
	title = {Reinforcement Learning for Personalization: {{A}} Systematic Literature Review}}

@article{deoliveira2021framework,
	author = {de Oliveira, Raphael Mazzine Barbosa and Martens, David},
	date = {2021},
	journaltitle = {Applied Sciences},
	number = {16},
	options = {useprefix=true},
	pages = {7274},
	title = {A Framework and Benchmarking Study for Counterfactual Generating Methods on Tabular Data},
	volume = {11}}

@article{dhurandhar2018explanations,
	author = {Dhurandhar, Amit and Chen, Pin-Yu and Luss, Ronny and Tu, Chun-Chen and Ting, Paishun and Shanmugam, Karthikeyan and Das, Payel},
	date = {2018},
	journaltitle = {Advances in neural information processing systems},
	title = {Explanations Based on the Missing: {{Towards}} Contrastive Explanations with Pertinent Negatives},
	volume = {31}}

@inproceedings{dombrowski2021diffeomorphic,
	author = {Dombrowski, Ann-Kathrin and Gerken, Jan E and Kessel, Pan},
	booktitle = {{{ICML Workshop}} on {{Invertible Neural Networks}}, {{Normalizing Flows}}, and {{Explicit Likelihood Models}}},
	date = {2021},
	title = {Diffeomorphic Explanations with Normalizing Flows}}

@inproceedings{dorffner1996neural,
	author = {Dorffner, Georg},
	booktitle = {Neural Network World},
	date = {1996},
	publisher = {{Citeseer}},
	title = {Neural Networks for Time Series Processing}}

@article{epstein1979stability,
	author = {Epstein, Seymour},
	date = {1979},
	journaltitle = {Journal of personality and social psychology},
	number = {7},
	pages = {1097},
	title = {The Stability of Behavior: {{I}}. {{On}} Predicting Most of the People Much of the Time.},
	volume = {37}}

@article{falk2006clean,
	author = {Falk, Armin and Ichino, Andrea},
	date = {2006},
	journaltitle = {Journal of labor economics},
	number = {1},
	pages = {39--57},
	title = {Clean Evidence on Peer Effects},
	volume = {24}}

@unpublished{fan2020interpretability,
	archiveprefix = {arXiv},
	author = {Fan, Fenglei and Xiong, Jinjun and Wang, Ge},
	date = {2020},
	eprint = {2001.02522},
	eprinttype = {arxiv},
	title = {On Interpretability of Artificial Neural Networks}}

@article{fang2011dynamic,
	author = {Fang, Hanming and Gavazza, Alessandro},
	date = {2011},
	journaltitle = {American Economic Review},
	number = {7},
	pages = {3047--77},
	title = {Dynamic Inefficiencies in an Employment-Based Health Insurance System: {{Theory}} and Evidence},
	volume = {101}}

@article{fehr2000cooperation,
	author = {Fehr, Ernst and Gachter, Simon},
	date = {2000},
	journaltitle = {American Economic Review},
	number = {4},
	pages = {980--994},
	title = {Cooperation and Punishment in Public Goods Experiments},
	volume = {90}}

@article{fix1951important,
	author = {Fix, E and Hodges, J},
	date = {1951},
	journaltitle = {International Statistical Review},
	number = {57},
	pages = {233--238},
	title = {An Important Contribution to Nonparametric Discriminant Analysis and Density Estimation},
	volume = {3}}

@book{friedman2008monetary,
	author = {Friedman, Milton and Schwartz, Anna Jacobson},
	date = {2008},
	publisher = {{Princeton University Press}},
	title = {A Monetary History of the {{United States}}, 1867-1960},
	volume = {14}}

@inproceedings{gal2016dropout,
	author = {Gal, Yarin and Ghahramani, Zoubin},
	booktitle = {International Conference on Machine Learning},
	date = {2016},
	pages = {1050--1059},
	publisher = {{PMLR}},
	title = {Dropout as a Bayesian Approximation: {{Representing}} Model Uncertainty in Deep Learning}}

@inproceedings{gal2017deep,
	author = {Gal, Yarin and Islam, Riashat and Ghahramani, Zoubin},
	booktitle = {International {{Conference}} on {{Machine Learning}}},
	date = {2017},
	pages = {1183--1192},
	publisher = {{PMLR}},
	title = {Deep Bayesian Active Learning with Image Data}}

@article{galizzi2019external,
	author = {Galizzi, Matteo M and Navarro-Martinez, Daniel},
	date = {2019},
	journaltitle = {Management Science},
	number = {3},
	pages = {976--1002},
	title = {On the External Validity of Social Preference Games: A Systematic Lab-Field Study},
	volume = {65}}

@article{gama2014survey,
	author = {Gama, Jo{\~a}o and {\v Z}liobait{\.e}, Indr{\.e} and Bifet, Albert and Pechenizkiy, Mykola and Bouchachia, Abdelhamid},
	date = {2014},
	journaltitle = {ACM computing surveys (CSUR)},
	number = {4},
	pages = {1--37},
	title = {A Survey on Concept Drift Adaptation},
	volume = {46}}

@unpublished{garivier2008upperconfidence,
	archiveprefix = {arXiv},
	author = {Garivier, Aur{\'e}lien and Moulines, Eric},
	date = {2008},
	eprint = {0805.3415},
	eprinttype = {arxiv},
	title = {On Upper-Confidence Bound Policies for Non-Stationary Bandit Problems}}

@book{gelman2013bayesian,
	author = {Gelman, Andrew and Carlin, John B and Stern, Hal S and Dunson, David B and Vehtari, Aki and Rubin, Donald B},
	date = {2013},
	publisher = {{CRC press}},
	title = {Bayesian Data Analysis}}

@article{gilbert1998immune,
	author = {Gilbert, Daniel T and Pinel, Elizabeth C and Wilson, Timothy D and Blumberg, Stephen J and Wheatley, Thalia P},
	date = {1998},
	journaltitle = {Journal of personality and social psychology},
	number = {3},
	pages = {617},
	title = {Immune Neglect: A Source of Durability Bias in Affective Forecasting.},
	volume = {75}}

@article{gneezy2006uncertainty,
	author = {Gneezy, Uri and List, John A and Wu, George},
	date = {2006},
	journaltitle = {The Quarterly Journal of Economics},
	number = {4},
	pages = {1283--1309},
	title = {The Uncertainty Effect: {{When}} a Risky Prospect Is Valued Less than Its Worst Possible Outcome},
	volume = {121}}

@incollection{goan2020bayesian,
	author = {Goan, Ethan and Fookes, Clinton},
	booktitle = {Case {{Studies}} in {{Applied Bayesian Data Science}}},
	date = {2020},
	pages = {45--87},
	publisher = {{Springer}},
	title = {Bayesian {{Neural Networks}}: {{An Introduction}} and {{Survey}}}}

@article{goldsmith-pinkham2013social,
	author = {Goldsmith-Pinkham, Paul and Imbens, Guido W},
	date = {2013},
	journaltitle = {Journal of Business \& Economic Statistics},
	number = {3},
	pages = {253--264},
	title = {Social Networks and the Identification of Peer Effects},
	volume = {31}}

@unpublished{goodfellow2014explaining,
	archiveprefix = {arXiv},
	author = {Goodfellow, Ian J and Shlens, Jonathon and Szegedy, Christian},
	date = {2014},
	eprint = {1412.6572},
	eprinttype = {arxiv},
	title = {Explaining and Harnessing Adversarial Examples}}

@book{goodfellow2016deep,
	author = {Goodfellow, Ian and Bengio, Yoshua and Courville, Aaron},
	date = {2016},
	publisher = {{MIT Press}},
	title = {Deep {{Learning}}}}

@article{goodfriend2005incredible,
	author = {Goodfriend, Marvin and King, Robert G},
	date = {2005},
	journaltitle = {Journal of Monetary Economics},
	number = {5},
	pages = {981--1015},
	title = {The Incredible {{Volcker}} Disinflation},
	volume = {52}}

@article{graham2017econometric,
	author = {Graham, Bryan S},
	date = {2017},
	journaltitle = {Econometrica : journal of the Econometric Society},
	number = {4},
	pages = {1033--1063},
	shortjournal = {Econometrica},
	title = {An Econometric Model of Network Formation with Degree Heterogeneity},
	volume = {85}}

@article{greene2012econometric,
	author = {Greene, William H},
	date = {2012},
	journaltitle = {Stern School of Business, New York University},
	title = {Econometric Analysis, 71e}}

@article{grether1979economic,
	author = {Grether, David M and Plott, Charles R},
	date = {1979},
	journaltitle = {The American Economic Review},
	number = {4},
	pages = {623--638},
	title = {Economic Theory of Choice and the Preference Reversal Phenomenon},
	volume = {69}}

@article{gretton2012kernel,
	author = {Gretton, Arthur and Borgwardt, Karsten M and Rasch, Malte J and Sch{\"o}lkopf, Bernhard and Smola, Alexander},
	date = {2012},
	journaltitle = {The Journal of Machine Learning Research},
	number = {1},
	pages = {723--773},
	title = {A Kernel Two-Sample Test},
	volume = {13}}

@unpublished{griffith2020name,
	author = {Griffith, Alan},
	date = {2020},
	title = {Name {{Your Friends}}, but {{Only Five}}? {{The Importance}} of {{Censoring}} in {{Peer Effects Estimates}} Using {{Social Network Data}}}}

@unpublished{grinsztajn2022why,
	archiveprefix = {arXiv},
	author = {Grinsztajn, L{\'e}o and Oyallon, Edouard and Varoquaux, Ga{\"e}l},
	date = {2022},
	eprint = {2207.08815},
	eprinttype = {arxiv},
	title = {Why Do Tree-Based Models Still Outperform Deep Learning on Tabular Data?}}

@misc{group2020detailed,
	author = {Group, Open COVID-19 Data Working},
	date = {2020},
	title = {Detailed {{Epidemiological Data}} from the {{COVID-19 Outbreak}}}}

@inproceedings{gupta2011thompson,
	author = {Gupta, Neha and Granmo, Ole-Christoffer and Agrawala, Ashok},
	booktitle = {2011 10th {{International Conference}} on {{Machine Learning}} and {{Applications}} and {{Workshops}}},
	date = {2011},
	pages = {484--489},
	publisher = {{IEEE}},
	title = {Thompson Sampling for Dynamic Multi-Armed Bandits},
	volume = {1}}

@book{hamilton2020time,
	author = {Hamilton, James Douglas},
	date = {2020},
	publisher = {{Princeton university press}},
	title = {Time Series Analysis}}

@article{hamon2020robustness,
	author = {Hamon, Ronan and Junklewitz, Henrik and Sanchez, Ignacio},
	date = {2020},
	journaltitle = {Publications Office of the European Union},
	title = {Robustness and Explainability of Artificial Intelligence}}

@article{hamzacebi2008improving,
	author = {Hamza{\c c}ebi, Co{\c s}kun},
	date = {2008},
	journaltitle = {Information Sciences},
	number = {23},
	pages = {4550--4559},
	title = {Improving Artificial Neural Networks' Performance in Seasonal Time Series Forecasting},
	volume = {178}}

@inproceedings{hanneke2007bound,
	author = {Hanneke, Steve},
	booktitle = {Proceedings of the 24th International Conference on {{Machine}} Learning},
	date = {2007},
	pages = {353--360},
	title = {A Bound on the Label Complexity of Agnostic Active Learning}}

@article{hansen2020virtue,
	author = {Hansen, Kristian Bondo},
	date = {2020},
	journaltitle = {Big Data \& Society},
	number = {1},
	pages = {2053951720926558},
	title = {The Virtue of Simplicity: {{On}} Machine Learning Models in Algorithmic Trading},
	volume = {7}}

@article{hartland2006multiarmed,
	author = {Hartland, C{\'e}dric and Gelly, Sylvain and Baskiotis, Nicolas and Teytaud, Olivier and Sebag, Michele},
	date = {2006},
	title = {Multi-Armed Bandit, Dynamic Environments and Meta-Bandits}}

@article{heckman1985alternative,
	author = {Heckman, James J and Robb Jr, Richard},
	date = {1985},
	journaltitle = {Journal of econometrics},
	number = {1-2},
	pages = {239--267},
	title = {Alternative Methods for Evaluating the Impact of Interventions: {{An}} Overview},
	volume = {30}}

@article{hershfield2011increasing,
	author = {Hershfield, Hal E and Goldstein, Daniel G and Sharpe, William F and Fox, Jesse and Yeykelis, Leo and Carstensen, Laura L and Bailenson, Jeremy N},
	date = {2011},
	issue = {SPL},
	journaltitle = {Journal of Marketing Research},
	pages = {S23--S37},
	title = {Increasing Saving Behavior through Age-Progressed Renderings of the Future Self},
	volume = {48}}

@inproceedings{ho1995random,
	author = {Ho, Tin Kam},
	booktitle = {Proceedings of 3rd International Conference on Document Analysis and Recognition},
	date = {1995},
	pages = {278--282},
	publisher = {{IEEE}},
	title = {Random Decision Forests},
	volume = {1}}

@article{hochreiter1997long,
	author = {Hochreiter, Sepp and Schmidhuber, J{\"u}rgen},
	date = {1997},
	journaltitle = {Neural computation},
	number = {8},
	pages = {1735--1780},
	title = {Long Short-Term Memory},
	volume = {9}}

@misc{hoffman1994german,
	author = {Hoffman, Hans},
	date = {1994},
	title = {German {{Credit Data}}},
	url = {https://archive.ics.uci.edu/ml/datasets/statlog+(german+credit+data)},
	bdsk-url-1 = {https://archive.ics.uci.edu/ml/datasets/statlog+(german+credit+data)}}

@unpublished{houlsby2011bayesian,
	archiveprefix = {arXiv},
	author = {Houlsby, Neil and Husz{\'a}r, Ferenc and Ghahramani, Zoubin and Lengyel, M{\'a}t{\'e}},
	date = {2011},
	eprint = {1112.5745},
	eprinttype = {arxiv},
	title = {Bayesian Active Learning for Classification and Preference Learning}}

@article{hsee1996evaluability,
	author = {Hsee, Christopher K},
	date = {1996},
	journaltitle = {Organizational behavior and human decision processes},
	number = {3},
	pages = {247--257},
	title = {The Evaluability Hypothesis: {{An}} Explanation for Preference Reversals between Joint and Separate Evaluations of Alternatives},
	volume = {67}}

@article{hsee2004music,
	author = {Hsee, Christopher K and Rottenstreich, Yuval},
	date = {2004},
	journaltitle = {Journal of Experimental Psychology: General},
	number = {1},
	pages = {23},
	title = {Music, Pandas, and Muggers: On the Affective Psychology of Value.},
	volume = {133}}

@article{hsieh2016social,
	author = {Hsieh, Chih-Sheng and Lee, Lung Fei},
	date = {2016},
	journaltitle = {Journal of Applied Econometrics},
	number = {2},
	pages = {301--319},
	title = {A Social Interactions Model with Endogenous Friendship Formation and Selectivity},
	volume = {31}}

@unpublished{immer2020improving,
	archiveprefix = {arXiv},
	author = {Immer, Alexander and Korzepa, Maciej and Bauer, Matthias},
	date = {2020},
	eprint = {2008.08400},
	eprinttype = {arxiv},
	title = {Improving Predictions of Bayesian Neural Networks via Local Linearization}}

@unpublished{innes2018fashionable,
	archiveprefix = {arXiv},
	author = {Innes, Michael and Saba, Elliot and Fischer, Keno and Gandhi, Dhairya and Rudilosso, Marco Concetto and Joy, Neethu Mariya and Karmali, Tejan and Pal, Avik and Shah, Viral},
	date = {2018},
	eprint = {1811.01457},
	eprinttype = {arxiv},
	title = {Fashionable Modelling with Flux}}

@article{innes2018flux,
	author = {Innes, Mike},
	date = {2018},
	journaltitle = {Journal of Open Source Software},
	number = {25},
	pages = {602},
	title = {Flux: {{Elegant}} Machine Learning with {{Julia}}},
	volume = {3}}

@unpublished{ish-horowicz2019interpreting,
	archiveprefix = {arXiv},
	author = {Ish-Horowicz, Jonathan and Udwin, Dana and Flaxman, Seth and Filippi, Sarah and Crawford, Lorin},
	date = {2019},
	eprint = {1901.09839},
	eprinttype = {arxiv},
	title = {Interpreting Deep Neural Networks through Variable Importance}}

@inproceedings{jabbari2017fairness,
	author = {Jabbari, Shahin and Joseph, Matthew and Kearns, Michael and Morgenstern, Jamie and Roth, Aaron},
	booktitle = {International {{Conference}} on {{Machine Learning}}},
	date = {2017},
	pages = {1617--1626},
	publisher = {{PMLR}},
	title = {Fairness in Reinforcement Learning}}

@article{jackson2007meeting,
	author = {Jackson, Matthew O and Rogers, Brian W},
	date = {2007},
	journaltitle = {American Economic Review},
	number = {3},
	pages = {890--915},
	title = {Meeting Strangers and Friends of Friends: {{How}} Random Are Social Networks?},
	volume = {97}}

@unpublished{jeanneret2022diffusion,
	archiveprefix = {arXiv},
	author = {Jeanneret, Guillaume and Simon, Lo{\"\i}c and Jurie, Fr{\'e}d{\'e}ric},
	date = {2022},
	eprint = {2203.15636},
	eprinttype = {arxiv},
	title = {Diffusion {{Models}} for {{Counterfactual Explanations}}}}

@article{johansson2005failure,
	author = {Johansson, Petter and Hall, Lars and Sikstr{\"o}m, Sverker and Olsson, Andreas},
	date = {2005},
	journaltitle = {Science (New York, N.Y.)},
	number = {5745},
	pages = {116--119},
	shortjournal = {Science},
	title = {Failure to Detect Mismatches between Intention and Outcome in a Simple Decision Task},
	volume = {310}}

@article{johnsson2021estimation,
	author = {Johnsson, Ida and Moon, Hyungsik Roger},
	date = {2021},
	journaltitle = {Review of Economics and Statistics},
	number = {2},
	pages = {328--345},
	title = {Estimation of Peer Effects in Endogenous Social Networks: {{Control}} Function Approach},
	volume = {103}}

@article{jolliffe2003modified,
	author = {Jolliffe, Ian T and Trendafilov, Nickolay T and Uddin, Mudassir},
	date = {2003},
	journaltitle = {Journal of computational and Graphical Statistics},
	number = {3},
	pages = {531--547},
	title = {A Modified Principal Component Technique Based on the {{LASSO}}},
	volume = {12}}

@article{joseph2021forecasting,
	author = {Joseph, Andreas and Kalamara, Eleni and Kapetanios, George and Potjagailo, Galina},
	date = {2021},
	title = {Forecasting Uk Inflation Bottom Up}}

@unpublished{joshi2019realistic,
	archiveprefix = {arXiv},
	author = {Joshi, Shalmali and Koyejo, Oluwasanmi and Vijitbenjaronk, Warut and Kim, Been and Ghosh, Joydeep},
	date = {2019},
	eprint = {1907.09615},
	eprinttype = {arxiv},
	title = {Towards Realistic Individual Recourse and Actionable Explanations in Black-Box Decision Making Systems}}

@unpublished{jospin2020handson,
	archiveprefix = {arXiv},
	author = {Jospin, Laurent Valentin and Buntine, Wray and Boussaid, Farid and Laga, Hamid and Bennamoun, Mohammed},
	date = {2020},
	eprint = {2007.06823},
	eprinttype = {arxiv},
	title = {Hands-on {{Bayesian Neural Networks}}--a {{Tutorial}} for {{Deep Learning Users}}}}

@misc{kaggle2011give,
	author = {Kaggle},
	date = {2011},
	publisher = {{Kaggle}},
	title = {Give Me Some Credit, {{Improve}} on the State of the Art in Credit Scoring by Predicting the Probability That Somebody Will Experience Financial Distress in the next Two Years.},
	url = {https://www.kaggle.com/c/GiveMeSomeCredit},
	bdsk-url-1 = {https://www.kaggle.com/c/GiveMeSomeCredit}}

@article{kahneman1979prospect,
	author = {Kahneman, Daniel and Tversky, Amos},
	date = {1979},
	journaltitle = {Econometrica: Journal of the Econometric Society},
	pages = {263--291},
	title = {Prospect {{Theory}}: {{An Analysis}} of {{Decision}} under {{Risk}}}}

@article{kahneman1990experimental,
	author = {Kahneman, Daniel and Knetsch, Jack L and Thaler, Richard H},
	date = {1990},
	journaltitle = {Journal of political Economy},
	number = {6},
	pages = {1325--1348},
	title = {Experimental Tests of the Endowment Effect and the {{Coase}} Theorem},
	volume = {98}}

@article{kahneman1992reference,
	author = {Kahneman, Daniel},
	date = {1992},
	journaltitle = {Organizational behavior and human decision processes},
	number = {2},
	pages = {296--312},
	title = {Reference Points, Anchors, Norms, and Mixed Feelings},
	volume = {51}}

@unpublished{karimi2020algorithmic,
	archiveprefix = {arXiv},
	author = {Karimi, Amir-Hossein and Von K{\"u}gelgen, Julius and Sch{\"o}lkopf, Bernhard and Valera, Isabel},
	date = {2020},
	eprint = {2006.06831},
	eprinttype = {arxiv},
	title = {Algorithmic Recourse under Imperfect Causal Knowledge: A Probabilistic Approach}}

@unpublished{karimi2020survey,
	archiveprefix = {arXiv},
	author = {Karimi, Amir-Hossein and Barthe, Gilles and Sch{\"o}lkopf, Bernhard and Valera, Isabel},
	date = {2020},
	eprint = {2010.04050},
	eprinttype = {arxiv},
	title = {A Survey of Algorithmic Recourse: Definitions, Formulations, Solutions, and Prospects}}

@inproceedings{karimi2021algorithmic,
	author = {Karimi, Amir-Hossein and Sch{\"o}lkopf, Bernhard and Valera, Isabel},
	booktitle = {Proceedings of the 2021 {{ACM Conference}} on {{Fairness}}, {{Accountability}}, and {{Transparency}}},
	date = {2021},
	pages = {353--362},
	title = {Algorithmic Recourse: From Counterfactual Explanations to Interventions}}

@inproceedings{kaur2020interpreting,
	author = {Kaur, Harmanpreet and Nori, Harsha and Jenkins, Samuel and Caruana, Rich and Wallach, Hanna and Wortman Vaughan, Jennifer},
	booktitle = {Proceedings of the 2020 {{CHI}} Conference on Human Factors in Computing Systems},
	date = {2020},
	pages = {1--14},
	title = {Interpreting Interpretability: Understanding Data Scientists' Use of Interpretability Tools for Machine Learning}}

@article{kehoe2021defence,
	author = {Kehoe, Aidan and Wittek, Peter and Xue, Yanbo and Pozas-Kerstjens, Alejandro},
	date = {2021},
	journaltitle = {Machine Learning: Science and Technology},
	title = {Defence against Adversarial Attacks Using Classical and Quantum-Enhanced {{Boltzmann}} Machines}}

@unpublished{kendall2017what,
	archiveprefix = {arXiv},
	author = {Kendall, Alex and Gal, Yarin},
	date = {2017},
	eprint = {1703.04977},
	eprinttype = {arxiv},
	title = {What Uncertainties Do We Need in Bayesian Deep Learning for Computer Vision?}}

@article{kihoro2004seasonal,
	author = {Kihoro, J and Otieno, RO and Wafula, C},
	date = {2004},
	title = {Seasonal Time Series Forecasting: {{A}} Comparative Study of {{ARIMA}} and {{ANN}} Models}}

@book{kilian2017structural,
	author = {Kilian, Lutz and L{\"u}tkepohl, Helmut},
	date = {2017},
	publisher = {{Cambridge University Press}},
	title = {Structural Vector Autoregressive Analysis}}

@unpublished{kingma2014adam,
	archiveprefix = {arXiv},
	author = {Kingma, Diederik P and Ba, Jimmy},
	date = {2014},
	eprint = {1412.6980},
	eprinttype = {arxiv},
	title = {Adam: {{A}} Method for Stochastic Optimization}}

@article{kirsch2019batchbald,
	author = {Kirsch, Andreas and Van Amersfoort, Joost and Gal, Yarin},
	date = {2019},
	journaltitle = {Advances in neural information processing systems},
	pages = {7026--7037},
	title = {Batchbald: {{Efficient}} and Diverse Batch Acquisition for Deep Bayesian Active Learning},
	volume = {32}}

@unpublished{kuiper2021exploring,
	archiveprefix = {arXiv},
	author = {Kuiper, Ouren and van den Berg, Martin and van den Burgt, Joost and Leijnen, Stefan},
	date = {2021},
	eprint = {2111.02244},
	eprinttype = {arxiv},
	title = {Exploring {{Explainable AI}} in the {{Financial Sector}}: {{Perspectives}} of {{Banks}} and {{Supervisory Authorities}}}}

@article{kydland1982time,
	author = {Kydland, Finn E and Prescott, Edward C},
	date = {1982},
	journaltitle = {Econometrica: Journal of the Econometric Society},
	pages = {1345--1370},
	title = {Time to Build and Aggregate Fluctuations}}

@unpublished{lachapelle2019gradientbased,
	archiveprefix = {arXiv},
	author = {Lachapelle, S{\'e}bastien and Brouillard, Philippe and Deleu, Tristan and Lacoste-Julien, Simon},
	date = {2019},
	eprint = {1906.02226},
	eprinttype = {arxiv},
	title = {Gradient-Based Neural Dag Learning}}

@inproceedings{lakkaraju2020how,
	author = {Lakkaraju, Himabindu and Bastani, Osbert},
	booktitle = {Proceedings of the {{AAAI}}/{{ACM Conference}} on {{AI}}, {{Ethics}}, and {{Society}}},
	date = {2020},
	pages = {79--85},
	title = {" {{How}} Do {{I}} Fool You?" {{Manipulating User Trust}} via {{Misleading Black Box Explanations}}}}

@unpublished{lakshminarayanan2016simple,
	archiveprefix = {arXiv},
	author = {Lakshminarayanan, Balaji and Pritzel, Alexander and Blundell, Charles},
	date = {2016},
	eprint = {1612.01474},
	eprinttype = {arxiv},
	title = {Simple and Scalable Predictive Uncertainty Estimation Using Deep Ensembles}}

@unpublished{laugel2017inverse,
	archiveprefix = {arXiv},
	author = {Laugel, Thibault and Lesot, Marie-Jeanne and Marsala, Christophe and Renard, Xavier and Detyniecki, Marcin},
	date = {2017},
	eprint = {1712.08443},
	eprinttype = {arxiv},
	shortjournal = {arXiv preprint arXiv:1712.08443},
	title = {Inverse Classification for Comparison-Based Interpretability in Machine Learning}}

@thesis{lawrence2001variational,
	author = {Lawrence, Neil David},
	date = {2001},
	institution = {{University of Cambridge}},
	title = {Variational Inference in Probabilistic Models},
	type = {phdthesis}}

@article{lecun1998mnist,
	author = {LeCun, Yann},
	date = {1998},
	shortjournal = {http://yann. lecun. com/exdb/mnist/},
	title = {The {{MNIST}} Database of Handwritten Digits}}

@article{lee2003best,
	author = {Lee, Lung-fei},
	date = {2003},
	journaltitle = {Econometric Reviews},
	number = {4},
	pages = {307--335},
	title = {Best Spatial Two-Stage Least Squares Estimators for a Spatial Autoregressive Model with Autoregressive Disturbances},
	volume = {22}}

@article{lerner2013financial,
	author = {Lerner, Jennifer S and Li, Ye and Weber, Elke U},
	date = {2013},
	journaltitle = {Psychological science},
	number = {1},
	pages = {72--79},
	title = {The Financial Costs of Sadness},
	volume = {24}}

@article{list2004neoclassical,
	author = {List, John A},
	date = {2004},
	journaltitle = {Econometrica : journal of the Econometric Society},
	number = {2},
	pages = {615--625},
	shortjournal = {Econometrica},
	title = {Neoclassical Theory versus Prospect Theory: {{Evidence}} from the Marketplace},
	volume = {72}}

@article{lucas1976econometric,
	author = {Lucas, JR},
	date = {1976},
	title = {Econometric Policy Evaluation: A Critique `, in {{K}}. {{Brunner}} and {{A Meltzer}}, {{The Phillips}} Curve and Labor Markets, {{North Holland}}}}

@inproceedings{lundberg2017unified,
	author = {Lundberg, Scott M and Lee, Su-In},
	booktitle = {Proceedings of the 31st International Conference on Neural Information Processing Systems},
	date = {2017},
	pages = {4768--4777},
	title = {A Unified Approach to Interpreting Model Predictions}}

@book{lutkepohl2005new,
	author = {L{\"u}tkepohl, Helmut},
	date = {2005},
	publisher = {{Springer Science \& Business Media}},
	title = {New Introduction to Multiple Time Series Analysis}}

@article{madrian2001power,
	author = {Madrian, Brigitte C and Shea, Dennis F},
	date = {2001},
	journaltitle = {The Quarterly journal of economics},
	number = {4},
	pages = {1149--1187},
	title = {The Power of Suggestion: {{Inertia}} in 401 (k) Participation and Savings Behavior},
	volume = {116}}

@book{manning2008introduction,
	author = {Manning, Christopher D and Sch{\"u}tze, Hinrich and Raghavan, Prabhakar},
	date = {2008},
	publisher = {{Cambridge university press}},
	title = {Introduction to Information Retrieval}}

@article{manski1993identification,
	author = {Manski, Charles F},
	date = {1993},
	journaltitle = {The review of economic studies},
	number = {3},
	pages = {531--542},
	title = {Identification of Endogenous Social Effects: {{The}} Reflection Problem},
	volume = {60}}

@article{markle2018goals,
	author = {Markle, Alex and Wu, George and White, Rebecca and Sackett, Aaron},
	date = {2018},
	journaltitle = {Journal of Risk and Uncertainty},
	number = {1},
	pages = {19--50},
	title = {Goals as Reference Points in Marathon Running: {{A}} Novel Test of Reference Dependence},
	volume = {56}}

@article{masini2021machine,
	author = {Masini, Ricardo P and Medeiros, Marcelo C and Mendes, Eduardo F},
	date = {2021},
	journaltitle = {Journal of Economic Surveys},
	title = {Machine Learning Advances for Time Series Forecasting}}

@article{mccracken2016fredmd,
	author = {McCracken, Michael W and Ng, Serena},
	date = {2016},
	journaltitle = {Journal of Business \& Economic Statistics},
	number = {4},
	pages = {574--589},
	title = {{{FRED-MD}}: {{A}} Monthly Database for Macroeconomic Research},
	volume = {34}}

@article{mcculloch1990logical,
	author = {McCulloch, Warren S and Pitts, Walter},
	date = {1990},
	journaltitle = {Bulletin of mathematical biology},
	number = {1},
	pages = {99--115},
	title = {A Logical Calculus of the Ideas Immanent in Nervous Activity},
	volume = {52}}

@article{migut2015visualizing,
	author = {Migut, MA and Worring, Marcel and Veenman, Cor J},
	date = {2015},
	journaltitle = {Data Mining and Knowledge Discovery},
	number = {1},
	pages = {273--295},
	title = {Visualizing Multi-Dimensional Decision Boundaries in {{2D}}},
	volume = {29}}

@article{miller2019explanation,
	author = {Miller, Tim},
	date = {2019},
	journaltitle = {Artificial intelligence},
	pages = {1--38},
	title = {Explanation in Artificial Intelligence: {{Insights}} from the Social Sciences},
	volume = {267}}

@article{mischel1988nature,
	author = {Mischel, Walter and Shoda, Yuichi and Peake, Philip K},
	date = {1988},
	journaltitle = {Journal of personality and social psychology},
	number = {4},
	pages = {687},
	title = {The Nature of Adolescent Competencies Predicted by Preschool Delay of Gratification.},
	volume = {54}}

@inproceedings{mittelstadt2019explaining,
	author = {Mittelstadt, Brent and Russell, Chris and Wachter, Sandra},
	booktitle = {Proceedings of the Conference on Fairness, Accountability, and Transparency},
	date = {2019},
	pages = {279--288},
	title = {Explaining Explanations in {{AI}}}}

@book{molnar2020interpretable,
	author = {Molnar, Christoph},
	date = {2020},
	publisher = {{Lulu. com}},
	title = {Interpretable Machine Learning}}

@book{morgan2015counterfactuals,
	author = {Morgan, Stephen L and Winship, Christopher},
	date = {2015},
	publisher = {{Cambridge University Press}},
	title = {Counterfactuals and Causal Inference}}

@article{mosteller1951experimental,
	author = {Mosteller, Frederick and Nogee, Philip},
	date = {1951},
	journaltitle = {Journal of Political Economy},
	number = {5},
	pages = {371--404},
	title = {An Experimental Measurement of Utility},
	volume = {59}}

@inproceedings{mothilal2020explaining,
	author = {Mothilal, Ramaravind K and Sharma, Amit and Tan, Chenhao},
	booktitle = {Proceedings of the 2020 {{Conference}} on {{Fairness}}, {{Accountability}}, and {{Transparency}}},
	date = {2020},
	pages = {607--617},
	title = {Explaining Machine Learning Classifiers through Diverse Counterfactual Explanations}}

@book{murphy2012machine,
	author = {Murphy, Kevin P},
	date = {2012},
	publisher = {{MIT press}},
	title = {Machine Learning: A Probabilistic Perspective}}

@book{murphy2022probabilistic,
	author = {Murphy, Kevin P},
	date = {2022},
	publisher = {{MIT Press}},
	title = {Probabilistic {{Machine Learning}}: {{An}} Introduction}}

@article{nagel1995unraveling,
	author = {Nagel, Rosemarie},
	date = {1995},
	journaltitle = {The American Economic Review},
	number = {5},
	pages = {1313--1326},
	title = {Unraveling in Guessing Games: {{An}} Experimental Study},
	volume = {85}}

@unpublished{navarro-martinez2021bridging,
	author = {Navarro-Martinez, Daniel and Wang, Xinghua},
	date = {2021},
	title = {Bridging the Gap between the Lab and the Field: {{Dictator}} Games and Donations}}

@inproceedings{nelson2015evaluating,
	author = {Nelson, Kevin and Corbin, George and Anania, Mark and Kovacs, Matthew and Tobias, Jeremy and Blowers, Misty},
	booktitle = {2015 {{IEEE Symposium}} on {{Computational Intelligence}} for {{Security}} and {{Defense Applications}} ({{CISDA}})},
	date = {2015},
	pages = {1--8},
	publisher = {{IEEE}},
	title = {Evaluating Model Drift in Machine Learning Algorithms}}

@book{nocedal2006numerical,
	author = {Nocedal, Jorge and Wright, Stephen},
	date = {2006},
	publisher = {{Springer Science \& Business Media}},
	title = {Numerical Optimization}}

@misc{oecd2021artificial,
	author = {{OECD}},
	date = {2021},
	title = {Artificial {{Intelligence}}, {{Machine Learning}} and {{Big Data}} in {{Finance}}: {{Opportunities}}, {{Challenges}} and {{Implications}} for {{Policy Makers}}},
	url = {https://www.oecd.org/finance/financial-markets/Artificial-intelligence-machine-learning-big-data-in-finance.pdf},
	bdsk-url-1 = {https://www.oecd.org/finance/financial-markets/Artificial-intelligence-machine-learning-big-data-in-finance.pdf}}

@book{oneil2016weapons,
	author = {O'Neil, Cathy},
	date = {2016},
	publisher = {{Crown}},
	title = {Weapons of Math Destruction: {{How}} Big Data Increases Inequality and Threatens Democracy}}

@article{pace1997sparse,
	author = {Pace, R Kelley and Barry, Ronald},
	date = {1997},
	journaltitle = {Statistics \& Probability Letters},
	number = {3},
	pages = {291--297},
	title = {Sparse Spatial Autoregressions},
	volume = {33}}

@unpublished{parr2018matrix,
	archiveprefix = {arXiv},
	author = {Parr, Terence and Howard, Jeremy},
	date = {2018},
	eprint = {1802.01528},
	eprinttype = {arxiv},
	title = {The Matrix Calculus You Need for Deep Learning}}

@unpublished{pawelczyk2021carla,
	archiveprefix = {arXiv},
	author = {Pawelczyk, Martin and Bielawski, Sascha and van den Heuvel, Johannes and Richter, Tobias and Kasneci, Gjergji},
	date = {2021},
	eprint = {2108.00783},
	eprinttype = {arxiv},
	title = {Carla: A Python Library to Benchmark Algorithmic Recourse and Counterfactual Explanation Algorithms}}

@book{pearl2018book,
	author = {Pearl, Judea and Mackenzie, Dana},
	date = {2018},
	publisher = {{Basic books}},
	title = {The Book of Why: The New Science of Cause and Effect}}

@article{pearl2019seven,
	author = {Pearl, Judea},
	date = {2019},
	journaltitle = {Communications of the ACM},
	number = {3},
	pages = {54--60},
	title = {The Seven Tools of Causal Inference, with Reflections on Machine Learning},
	volume = {62}}

@article{pedregosa2011scikitlearn,
	author = {Pedregosa, Fabian and Varoquaux, Ga{\"e}l and Gramfort, Alexandre and Michel, Vincent and Thirion, Bertrand and Grisel, Olivier and Blondel, Mathieu and Prettenhofer, Peter and Weiss, Ron and Dubourg, Vincent and others},
	date = {2011},
	journaltitle = {the Journal of machine Learning research},
	pages = {2825--2830},
	title = {Scikit-Learn: {{Machine}} Learning in {{Python}}},
	volume = {12}}

@book{perry2010economic,
	author = {Perry, George L and Tobin, James},
	date = {2010},
	publisher = {{Brookings Institution Press}},
	title = {Economic {{Events}}, {{Ideas}}, and {{Policies}}: The 1960s and After}}

@article{pfaff2008var,
	author = {Pfaff, Bernhard and others},
	date = {2008},
	journaltitle = {Journal of Statistical Software},
	number = {4},
	pages = {1--32},
	title = {{{VAR}}, {{SVAR}} and {{SVEC}} Models: {{Implementation}} within {{R}} Package Vars},
	volume = {27}}

@book{pindyck2014microeconomics,
	author = {Pindyck, Robert S and Rubinfeld, Daniel L},
	date = {2014},
	publisher = {{Pearson Education}},
	title = {Microeconomics}}

@article{pope2011numbers,
	author = {Pope, Devin and Simonsohn, Uri},
	date = {2011},
	journaltitle = {Psychological science},
	number = {1},
	pages = {71--79},
	title = {Round Numbers as Goals: {{Evidence}} from Baseball, {{SAT}} Takers, and the Lab},
	volume = {22}}

@inproceedings{poyiadzi2020face,
	author = {Poyiadzi, Rafael and Sokol, Kacper and Santos-Rodriguez, Raul and De Bie, Tijl and Flach, Peter},
	booktitle = {Proceedings of the {{AAAI}}/{{ACM Conference}} on {{AI}}, {{Ethics}}, and {{Society}}},
	date = {2020},
	pages = {344--350},
	title = {{{FACE}}: {{Feasible}} and Actionable Counterfactual Explanations}}

@article{qu2015estimating,
	author = {Qu, Xi and Lee, Lung-fei},
	date = {2015},
	journaltitle = {Journal of Econometrics},
	number = {2},
	pages = {209--232},
	title = {Estimating a Spatial Autoregressive Model with an Endogenous Spatial Weight Matrix},
	volume = {184}}

@article{rabanser2019failing,
	author = {Rabanser, Stephan and G{\"u}nnemann, Stephan and Lipton, Zachary},
	date = {2019},
	journaltitle = {Advances in Neural Information Processing Systems},
	title = {Failing Loudly: {{An}} Empirical Study of Methods for Detecting Dataset Shift},
	volume = {32}}

@unpublished{raghunathan2019adversarial,
	archiveprefix = {arXiv},
	author = {Raghunathan, Aditi and Xie, Sang Michael and Yang, Fanny and Duchi, John C and Liang, Percy},
	date = {2019},
	eprint = {1906.06032},
	eprinttype = {arxiv},
	title = {Adversarial Training Can Hurt Generalization}}

@unpublished{raj2017taming,
	archiveprefix = {arXiv},
	author = {Raj, Vishnu and Kalyani, Sheetal},
	date = {2017},
	eprint = {1707.09727},
	eprinttype = {arxiv},
	title = {Taming Non-Stationary Bandits: {{A Bayesian}} Approach}}

@inproceedings{rasmussen2003gaussian,
	author = {Rasmussen, Carl Edward},
	booktitle = {Summer School on Machine Learning},
	date = {2003},
	pages = {63--71},
	publisher = {{Springer}},
	title = {Gaussian Processes in Machine Learning}}

@inproceedings{ribeiro2016why,
	author = {Ribeiro, Marco Tulio and Singh, Sameer and Guestrin, Carlos},
	booktitle = {Proceedings of the 22nd {{ACM SIGKDD}} International Conference on Knowledge Discovery and Data Mining},
	date = {2016},
	pages = {1135--1144},
	title = {"{{Why}} Should i Trust You?" {{Explaining}} the Predictions of Any Classifier}}

@article{romer1989does,
	author = {Romer, Christina D and Romer, David H},
	date = {1989},
	journaltitle = {NBER macroeconomics annual},
	pages = {121--170},
	title = {Does Monetary Policy Matter? {{A}} New Test in the Spirit of {{Friedman}} and {{Schwartz}}},
	volume = {4}}

@article{rudin2019stop,
	author = {Rudin, Cynthia},
	date = {2019},
	journaltitle = {Nature Machine Intelligence},
	number = {5},
	pages = {206--215},
	title = {Stop Explaining Black Box Machine Learning Models for High Stakes Decisions and Use Interpretable Models Instead},
	volume = {1}}

@article{sacerdote2001peer,
	author = {Sacerdote, Bruce},
	date = {2001},
	journaltitle = {The Quarterly journal of economics},
	number = {2},
	pages = {681--704},
	title = {Peer Effects with Random Assignment: {{Results}} for {{Dartmouth}} Roommates},
	volume = {116}}

@article{sadinle2019least,
	author = {Sadinle, Mauricio and Lei, Jing and Wasserman, Larry},
	date = {2019},
	file = {/Users/FA31DU/Zotero/storage/YXQ8N76A/Sadinle et al. - 2019 - Least ambiguous set-valued classifiers with bounde.pdf;/Users/FA31DU/Zotero/storage/ZHB56F3V/01621459.2017.html},
	journaltitle = {Journal of the American Statistical Association},
	number = {525},
	pages = {223--234},
	publisher = {{Taylor \& Francis}},
	title = {Least Ambiguous Set-Valued Classifiers with Bounded Error Levels},
	volume = {114}}

@inproceedings{satopaa2011finding,
	author = {Satopaa, Ville and Albrecht, Jeannie and Irwin, David and Raghavan, Barath},
	booktitle = {2011 31st International Conference on Distributed Computing Systems Workshops},
	date = {2011},
	pages = {166--171},
	publisher = {{IEEE}},
	title = {Finding a" Kneedle" in a Haystack: {{Detecting}} Knee Points in System Behavior}}

@inproceedings{schut2021generating,
	author = {Schut, Lisa and Key, Oscar and Mc Grath, Rory and Costabello, Luca and Sacaleanu, Bogdan and Gal, Yarin and others},
	booktitle = {International {{Conference}} on {{Artificial Intelligence}} and {{Statistics}}},
	date = {2021},
	pages = {1756--1764},
	publisher = {{PMLR}},
	title = {Generating {{Interpretable Counterfactual Explanations By Implicit Minimisation}} of {{Epistemic}} and {{Aleatoric Uncertainties}}}}

@book{schutze2008introduction,
	author = {Sch{\"u}tze, Hinrich and Manning, Christopher D and Raghavan, Prabhakar},
	date = {2008},
	publisher = {{Cambridge University Press Cambridge}},
	title = {Introduction to Information Retrieval},
	volume = {39}}

@article{shafir1993reasonbased,
	author = {Shafir, Eldar and Simonson, Itamar and Tversky, Amos},
	date = {1993},
	journaltitle = {Cognition},
	number = {1-2},
	pages = {11--36},
	title = {Reason-Based Choice},
	volume = {49}}

@article{simonson1989choice,
	author = {Simonson, Itamar},
	date = {1989},
	journaltitle = {Journal of consumer research},
	number = {2},
	pages = {158--174},
	title = {Choice Based on Reasons: {{The}} Case of Attraction and Compromise Effects},
	volume = {16}}

@article{sims1986are,
	author = {Sims, Christopher A and others},
	date = {1986},
	issue = {Win},
	journaltitle = {Quarterly Review},
	pages = {2--16},
	title = {Are Forecasting Models Usable for Policy Analysis?},
	volume = {10}}

@inproceedings{slack2020fooling,
	author = {Slack, Dylan and Hilgard, Sophie and Jia, Emily and Singh, Sameer and Lakkaraju, Himabindu},
	booktitle = {Proceedings of the {{AAAI}}/{{ACM Conference}} on {{AI}}, {{Ethics}}, and {{Society}}},
	date = {2020},
	pages = {180--186},
	title = {Fooling Lime and Shap: {{Adversarial}} Attacks on Post Hoc Explanation Methods}}

@article{slack2021counterfactual,
	author = {Slack, Dylan and Hilgard, Anna and Lakkaraju, Himabindu and Singh, Sameer},
	date = {2021},
	journaltitle = {Advances in Neural Information Processing Systems},
	title = {Counterfactual Explanations Can Be Manipulated},
	volume = {34}}

@article{slovic1974who,
	author = {Slovic, Paul and Tversky, Amos},
	date = {1974},
	journaltitle = {Behavioral science},
	number = {6},
	pages = {368--373},
	title = {Who Accepts {{Savage}}'s Axiom?},
	volume = {19}}

@unpublished{spooner2021counterfactual,
	archiveprefix = {arXiv},
	author = {Spooner, Thomas and Dervovic, Danial and Long, Jason and Shepard, Jon and Chen, Jiahao and Magazzeni, Daniele},
	date = {2021},
	eprint = {2106.15212},
	eprinttype = {arxiv},
	shortjournal = {arXiv preprint arXiv:2106.15212},
	title = {Counterfactual {{Explanations}} for {{Arbitrary Regression Models}}}}

@article{srivastava2014dropout,
	author = {Srivastava, Nitish and Hinton, Geoffrey and Krizhevsky, Alex and Sutskever, Ilya and Salakhutdinov, Ruslan},
	date = {2014},
	journaltitle = {The journal of machine learning research},
	number = {1},
	pages = {1929--1958},
	title = {Dropout: A Simple Way to Prevent Neural Networks from Overfitting},
	volume = {15}}

@article{sturm2014simple,
	author = {Sturm, Bob L},
	date = {2014},
	journaltitle = {IEEE Transactions on Multimedia},
	number = {6},
	pages = {1636--1644},
	title = {A Simple Method to Determine If a Music Information Retrieval System Is a ``Horse''},
	volume = {16}}

@article{sunstein2003libertarian,
	author = {Sunstein, Cass R and Thaler, Richard H},
	date = {2003},
	journaltitle = {The University of Chicago Law Review},
	pages = {1159--1202},
	title = {Libertarian Paternalism Is Not an Oxymoron}}

@book{sutton2018reinforcement,
	author = {Sutton, Richard S and Barto, Andrew G},
	date = {2018},
	publisher = {{MIT press}},
	title = {Reinforcement Learning: {{An}} Introduction}}

@unpublished{szegedy2013intriguing,
	archiveprefix = {arXiv},
	author = {Szegedy, Christian and Zaremba, Wojciech and Sutskever, Ilya and Bruna, Joan and Erhan, Dumitru and Goodfellow, Ian and Fergus, Rob},
	date = {2013},
	eprint = {1312.6199},
	eprinttype = {arxiv},
	title = {Intriguing Properties of Neural Networks}}

@article{thaler1981empirical,
	author = {Thaler, Richard},
	date = {1981},
	journaltitle = {Economics letters},
	number = {3},
	pages = {201--207},
	title = {Some Empirical Evidence on Dynamic Inconsistency},
	volume = {8}}

@article{thaler2004more,
	author = {Thaler, Richard H and Benartzi, Shlomo},
	date = {2004},
	journaltitle = {Journal of political Economy},
	number = {S1},
	pages = {S164--S187},
	title = {Save More Tomorrow{\texttrademark}: {{Using}} Behavioral Economics to Increase Employee Saving},
	volume = {112}}

@article{tversky1981framing,
	author = {Tversky, Amos and Kahneman, Daniel},
	date = {1981},
	journaltitle = {Science (New York, N.Y.)},
	number = {4481},
	pages = {453--458},
	shortjournal = {science},
	title = {The Framing of Decisions and the Psychology of Choice},
	volume = {211}}

@article{ungemach2011how,
	author = {Ungemach, Christoph and Stewart, Neil and Reimers, Stian},
	date = {2011},
	journaltitle = {Psychological Science},
	number = {2},
	pages = {253--260},
	title = {How Incidental Values from the Environment Affect Decisions about Money, Risk, and Delay},
	volume = {22}}

@unpublished{upadhyay2021robust,
	archiveprefix = {arXiv},
	author = {Upadhyay, Sohini and Joshi, Shalmali and Lakkaraju, Himabindu},
	date = {2021},
	eprint = {2102.13620},
	eprinttype = {arxiv},
	title = {Towards {{Robust}} and {{Reliable Algorithmic Recourse}}}}

@inproceedings{ustun2019actionable,
	author = {Ustun, Berk and Spangher, Alexander and Liu, Yang},
	booktitle = {Proceedings of the {{Conference}} on {{Fairness}}, {{Accountability}}, and {{Transparency}}},
	date = {2019},
	pages = {10--19},
	title = {Actionable Recourse in Linear Classification}}

@article{vanboven2000egocentric,
	author = {Van Boven, Leaf and Dunning, David and Loewenstein, George},
	date = {2000},
	journaltitle = {Journal of personality and social psychology},
	number = {1},
	pages = {66},
	title = {Egocentric Empathy Gaps between Owners and Buyers: Misperceptions of the Endowment Effect.},
	volume = {79}}

@book{varshney2022trustworthy,
	author = {Varshney, Kush R.},
	date = {2022},
	location = {{Chappaqua, NY, USA}},
	publisher = {{Independently Published}},
	title = {Trustworthy {{Machine Learning}}}}

@unpublished{verma2020counterfactual,
	archiveprefix = {arXiv},
	author = {Verma, Sahil and Dickerson, John and Hines, Keegan},
	date = {2020},
	eprint = {2010.10596},
	eprinttype = {arxiv},
	title = {Counterfactual Explanations for Machine Learning: {{A}} Review}}

@article{verstyuk2020modeling,
	author = {Verstyuk, Sergiy},
	date = {2020},
	journaltitle = {Available at SSRN 3589337},
	title = {Modeling Multivariate Time Series in Economics: {{From}} Auto-Regressions to Recurrent Neural Networks}}

@article{wachter2017counterfactual,
	author = {Wachter, Sandra and Mittelstadt, Brent and Russell, Chris},
	date = {2017},
	journaltitle = {Harv. JL \& Tech.},
	pages = {841},
	title = {Counterfactual Explanations without Opening the Black Box: {{Automated}} Decisions and the {{GDPR}}},
	volume = {31}}

@article{wang2018optimal,
	author = {Wang, HaiYing and Zhu, Rong and Ma, Ping},
	date = {2018},
	journaltitle = {Journal of the American Statistical Association},
	number = {522},
	pages = {829--844},
	title = {Optimal Subsampling for Large Sample Logistic Regression},
	volume = {113}}

@book{wasserman2006all,
	author = {Wasserman, Larry},
	date = {2006},
	publisher = {{Springer Science \& Business Media}},
	title = {All of Nonparametric Statistics}}

@book{wasserman2013all,
	author = {Wasserman, Larry},
	date = {2013},
	publisher = {{Springer Science \& Business Media}},
	title = {All of Statistics: A Concise Course in Statistical Inference}}

@article{widmer1996learning,
	author = {Widmer, Gerhard and Kubat, Miroslav},
	date = {1996},
	journaltitle = {Machine learning},
	number = {1},
	pages = {69--101},
	title = {Learning in the Presence of Concept Drift and Hidden Contexts},
	volume = {23}}

@unpublished{wilson2020case,
	archiveprefix = {arXiv},
	author = {Wilson, Andrew Gordon},
	date = {2020},
	eprint = {2001.10995},
	eprinttype = {arxiv},
	title = {The Case for {{Bayesian}} Deep Learning}}

@article{witten2009penalized,
	author = {Witten, Daniela M and Tibshirani, Robert and Hastie, Trevor},
	date = {2009},
	journaltitle = {Biostatistics (Oxford, England)},
	number = {3},
	pages = {515--534},
	shortjournal = {Biostatistics},
	title = {A Penalized Matrix Decomposition, with Applications to Sparse Principal Components and Canonical Correlation Analysis},
	volume = {10}}

@article{xu2020epidemiological,
	author = {Xu, Bo and Gutierrez, Bernardo and Mekaru, Sumiko and Sewalk, Kara and Goodwin, Lauren and Loskill, Alyssa and Cohn, Emily and Hswen, Yulin and Hill, Sarah C. and Cobo, Maria M and Zarebski, Alexander and Li, Sabrina and Wu, Chieh-Hsi and Hulland, Erin and Morgan, Julia and Wang, Lin and O'Brien, Katelynn and Scarpino, Samuel V. and Brownstein, John S. and Pybus, Oliver G. and Pigott, David M. and Kraemer, Moritz U. G.},
	date = {2020},
	doi = {doi.org/10.1038/s41597-020-0448-0},
	journaltitle = {Scientific Data},
	number = {106},
	title = {Epidemiological Data from the {{COVID-19}} Outbreak, Real-Time Case Information},
	volume = {7},
	bdsk-url-1 = {https://doi.org/10.1038/s41597-020-0448-0}}

@article{yeh2009comparisons,
	author = {Yeh, I-Cheng and Lien, Che-hui},
	date = {2009},
	journaltitle = {Expert systems with applications},
	number = {2},
	pages = {2473--2480},
	title = {The Comparisons of Data Mining Techniques for the Predictive Accuracy of Probability of Default of Credit Card Clients},
	volume = {36}}

@article{zhang1998forecasting,
	author = {Zhang, Guoqiang and Patuwo, B Eddy and Hu, Michael Y},
	date = {1998},
	journaltitle = {International journal of forecasting},
	number = {1},
	pages = {35--62},
	title = {Forecasting with Artificial Neural Networks:: {{The}} State of the Art},
	volume = {14}}

@article{zhang2003time,
	author = {Zhang, G Peter},
	date = {2003},
	journaltitle = {Neurocomputing},
	pages = {159--175},
	title = {Time Series Forecasting Using a Hybrid {{ARIMA}} and Neural Network Model},
	volume = {50}}

@unpublished{zheng2018dags,
	archiveprefix = {arXiv},
	author = {Zheng, Xun and Aragam, Bryon and Ravikumar, Pradeep and Xing, Eric P},
	date = {2018},
	eprint = {1803.01422},
	eprinttype = {arxiv},
	title = {Dags with No Tears: {{Continuous}} Optimization for Structure Learning}}

@article{zhu2015optimal,
	author = {Zhu, Rong and Ma, Ping and Mahoney, Michael W and Yu, Bin},
	date = {2015},
	journaltitle = {arXiv},
	pages = {arXiv--1509},
	title = {Optimal Subsampling Approaches for Large Sample Linear Regression}}

@misc{martens2020optimizing,
	title={Optimizing Neural Networks with Kronecker-factored Approximate Curvature}, 
	author={James Martens and Roger Grosse},
	year={2020},
	eprint={1503.05671},
	archivePrefix={arXiv},
	primaryClass={cs.LG}
}

@misc{antoran2023samplingbased,
      title={Sampling-based inference for large linear models, with application to linearised Laplace}, 
      author={Javier Antorán and Shreyas Padhy and Riccardo Barbano and Eric Nalisnick and David Janz and José Miguel Hernández-Lobato},
      year={2023},
      eprint={2210.04994},
      archivePrefix={arXiv},
      primaryClass={stat.ML}
}

@misc{altmeyer2023faithful,
      title={Faithful Model Explanations through Energy-Constrained Conformal Counterfactuals}, 
      author={Patrick Altmeyer and Mojtaba Farmanbar and Arie van Deursen and Cynthia C. S. Liem},
      year={2023},
      eprint={2312.10648},
      archivePrefix={arXiv},
      primaryClass={cs.LG}
}