
@article{abadie2002instrumental,
  title = {Instrumental Variables Estimates of the Effect of Subsidized Training on the Quantiles of Trainee Earnings},
  author = {Abadie, Alberto and Angrist, Joshua and Imbens, Guido},
  date = {2002},
  journaltitle = {Econometrica : journal of the Econometric Society},
  shortjournal = {Econometrica},
  volume = {70},
  number = {1},
  pages = {91--117}
}

@article{abadie2003economic,
  title = {The Economic Costs of Conflict: {{A}} Case Study of the {{Basque Country}}},
  author = {Abadie, Alberto and Gardeazabal, Javier},
  date = {2003},
  journaltitle = {American economic review},
  volume = {93},
  number = {1},
  pages = {113--132}
}

@inproceedings{ackerman2021machine,
  title = {Machine {{Learning Model Drift Detection Via Weak Data Slices}}},
  booktitle = {2021 {{IEEE}}/{{ACM Third International Workshop}} on {{Deep Learning}} for {{Testing}} and {{Testing}} for {{Deep Learning}} ({{DeepTest}})},
  author = {Ackerman, Samuel and Dube, Parijat and Farchi, Eitan and Raz, Orna and Zalmanovici, Marcel},
  date = {2021},
  pages = {1--8},
  publisher = {{IEEE}}
}

@article{allen2017referencedependent,
  title = {Reference-Dependent Preferences: {{Evidence}} from Marathon Runners},
  author = {Allen, Eric J and Dechow, Patricia M and Pope, Devin G and Wu, George},
  date = {2017},
  journaltitle = {Management Science},
  volume = {63},
  number = {6},
  pages = {1657--1672}
}

@article{altmeyer2018option,
  title = {Option Pricing in the {{Heston}} Stochastic Volatility Model: An Empirical Evaluation},
  author = {Altmeyer, Patrick and Grapendal, Jacob Daniel and Pravosud, Makar and Quintana, Gand Derry},
  date = {2018}
}

@article{altmeyer2021deep,
  title = {Deep {{Vector Autoregression}} for {{Macroeconomic Data}}},
  author = {Altmeyer, Patrick and Agusti, Marc and Vidal-Quadras Costa, Ignacio},
  date = {2021},
  url = {https://thevoice.bse.eu/wp-content/uploads/2021/07/ds21-project-agusti-et-al.pdf}
}

@book{altmeyer2021deepvars,
  title = {Deepvars: {{Deep Vector Autoregession}}},
  author = {Altmeyer, Patrick},
  date = {2021}
}

@misc{altmeyer2022counterfactualexplanations,
  title = {{{CounterfactualExplanations}}.Jl - a {{Julia}} Package for {{Counterfactual Explanations}} and {{Algorithmic Recourse}}},
  author = {Altmeyer, Patrick},
  date = {2022},
  url = {https://github.com/pat-alt/CounterfactualExplanations.jl}
}

@article{angelucci2009indirect,
  title = {Indirect Effects of an Aid Program: How Do Cash Transfers Affect Ineligibles' Consumption?},
  author = {Angelucci, Manuela and De Giorgi, Giacomo},
  date = {2009},
  journaltitle = {American economic review},
  volume = {99},
  number = {1},
  pages = {486--508}
}

@article{angrist1990lifetime,
  title = {Lifetime Earnings and the {{Vietnam}} Era Draft Lottery: Evidence from Social Security Administrative Records},
  author = {Angrist, Joshua D},
  date = {1990},
  journaltitle = {The American Economic Review},
  pages = {313--336}
}

@unpublished{antoran2020getting,
  title = {Getting a Clue: {{A}} Method for Explaining Uncertainty Estimates},
  author = {Antorán, Javier and Bhatt, Umang and Adel, Tameem and Weller, Adrian and Hernández-Lobato, José Miguel},
  date = {2020},
  eprint = {2006.06848},
  eprinttype = {arxiv},
  archiveprefix = {arXiv}
}

@article{arcones1992bootstrap,
  title = {On the Bootstrap of {{U}} and {{V}} Statistics},
  author = {Arcones, Miguel A and Gine, Evarist},
  date = {1992},
  journaltitle = {The Annals of Statistics},
  pages = {655--674}
}

@article{ariely2003coherent,
  title = {“{{Coherent}} Arbitrariness”: {{Stable}} Demand Curves without Stable Preferences},
  author = {Ariely, Dan and Loewenstein, George and Prelec, Drazen},
  date = {2003},
  journaltitle = {The Quarterly journal of economics},
  volume = {118},
  number = {1},
  pages = {73--106}
}

@article{ariely2006tom,
  title = {Tom {{Sawyer}} and the Construction of Value},
  author = {Ariely, Dan and Loewenstein, George and Prelec, Drazen},
  date = {2006},
  journaltitle = {Journal of Economic Behavior \& Organization},
  volume = {60},
  number = {1},
  pages = {1--10}
}

@article{arrieta2020explainable,
  title = {Explainable {{Artificial Intelligence}} ({{XAI}}): {{Concepts}}, Taxonomies, Opportunities and Challenges toward Responsible {{AI}}},
  author = {Arrieta, Alejandro Barredo and Diaz-Rodriguez, Natalia and Del Ser, Javier and Bennetot, Adrien and Tabik, Siham and Barbado, Alberto and Garcia, Salvador and Gil-Lopez, Sergio and Molina, Daniel and Benjamins, Richard and others},
  date = {2020},
  journaltitle = {Information Fusion},
  volume = {58},
  pages = {82--115}
}

@article{auer2002finitetime,
  title = {Finite-Time Analysis of the Multiarmed Bandit Problem},
  author = {Auer, Peter and Cesa-Bianchi, Nicolo and Fischer, Paul},
  date = {2002},
  journaltitle = {Machine learning},
  volume = {47},
  number = {2},
  pages = {235--256}
}

@article{barabasi2016network,
  title = {Network {{Science}}},
  author = {Barabási, Albert-László},
  date = {2016},
  journaltitle = {Network Science}
}

@unpublished{bastounis2021mathematics,
  title = {The Mathematics of Adversarial Attacks in {{AI}}–{{Why}} Deep Learning Is Unstable despite the Existence of Stable Neural Networks},
  author = {Bastounis, Alexander and Hansen, Anders C and Vlačić, Verner},
  date = {2021},
  eprint = {2109.06098},
  eprinttype = {arxiv},
  archiveprefix = {arXiv}
}

@article{bechara1997deciding,
  title = {Deciding Advantageously before Knowing the Advantageous Strategy},
  author = {Bechara, Antoine and Damasio, Hanna and Tranel, Daniel and Damasio, Antonio R},
  date = {1997},
  journaltitle = {Science (New York, N.Y.)},
  shortjournal = {Science},
  volume = {275},
  number = {5304},
  pages = {1293--1295}
}

@book{berlinet2011reproducing,
  title = {Reproducing Kernel {{Hilbert}} Spaces in Probability and Statistics},
  author = {Berlinet, Alain and Thomas-Agnan, Christine},
  date = {2011},
  publisher = {{Springer Science \& Business Media}}
}

@misc{bernanke1990federal,
  title = {The Federal Funds Rate and the Channels of Monetary Transnission},
  author = {Bernanke, Ben S},
  date = {1990},
  publisher = {{National Bureau of Economic Research Cambridge, Mass., USA}}
}

@article{besbes2014stochastic,
  title = {Stochastic Multi-Armed-Bandit Problem with Non-Stationary Rewards},
  author = {Besbes, Omar and Gur, Yonatan and Zeevi, Assaf},
  date = {2014},
  journaltitle = {Advances in neural information processing systems},
  volume = {27},
  pages = {199--207}
}

@article{bholat2020impact,
  title = {The {{Impact}} of {{Covid}} on {{Machine Learning}} and {{Data Science}} in {{UK Banking}}},
  author = {Bholat, D and Gharbawi, M and Thew, O},
  date = {2020},
  journaltitle = {Bank of England Quarterly Bulletin, Q4}
}

@book{bishop2006pattern,
  title = {Pattern Recognition and Machine Learning},
  author = {Bishop, Christopher M},
  date = {2006},
  publisher = {{springer}}
}

@inproceedings{blundell2015weight,
  title = {Weight Uncertainty in Neural Network},
  booktitle = {International Conference on Machine Learning},
  author = {Blundell, Charles and Cornebise, Julien and Kavukcuoglu, Koray and Wierstra, Daan},
  date = {2015},
  pages = {1613--1622},
  publisher = {{PMLR}}
}

@article{borch2022machine,
  title = {Machine Learning, Knowledge Risk, and Principal-Agent Problems in Automated Trading},
  author = {Borch, Christian},
  date = {2022},
  journaltitle = {Technology in Society},
  pages = {101852}
}

@unpublished{borisov2021deep,
  title = {Deep Neural Networks and Tabular Data: {{A}} Survey},
  author = {Borisov, Vadim and Leemann, Tobias and Seßler, Kathrin and Haug, Johannes and Pawelczyk, Martin and Kasneci, Gjergji},
  date = {2021},
  eprint = {2110.01889},
  eprinttype = {arxiv},
  archiveprefix = {arXiv}
}

@article{bramoulle2009identification,
  title = {Identification of Peer Effects through Social Networks},
  author = {Bramoullé, Yann and Djebbari, Habiba and Fortin, Bernard},
  date = {2009},
  journaltitle = {Journal of econometrics},
  volume = {150},
  number = {1},
  pages = {41--55}
}

@article{bramoulle2020peer,
  title = {Peer Effects in Networks: {{A}} Survey},
  author = {Bramoullé, Yann and Djebbari, Habiba and Fortin, Bernard},
  date = {2020},
  journaltitle = {Annual Review of Economics},
  volume = {12},
  pages = {603--629}
}

@unpublished{branco2015survey,
  title = {A Survey of Predictive Modelling under Imbalanced Distributions},
  author = {Branco, Paula and Torgo, Luis and Ribeiro, Rita},
  date = {2015},
  eprint = {1505.01658},
  eprinttype = {arxiv},
  archiveprefix = {arXiv}
}

@book{brock1991nonlinear,
  title = {Nonlinear Dynamics, Chaos, and Instability: Statistical Theory and Economic Evidence},
  author = {Brock, William Allen and Brock, William A and Hsieh, David Arthur and LeBaron, Blake Dean and Brock, William E},
  date = {1991},
  publisher = {{MIT press}}
}

@inproceedings{buolamwini2018gender,
  title = {Gender Shades: {{Intersectional}} Accuracy Disparities in Commercial Gender Classification},
  booktitle = {Conference on Fairness, Accountability and Transparency},
  author = {Buolamwini, Joy and Gebru, Timnit},
  date = {2018},
  pages = {77--91},
  publisher = {{PMLR}}
}

@unpublished{bussmann2020neural,
  title = {Neural {{Additive Vector Autoregression Models}} for {{Causal Discovery}} in {{Time Series Data}}},
  author = {Bussmann, Bart and Nys, Jannes and Latré, Steven},
  date = {2020},
  eprint = {2010.09429},
  eprinttype = {arxiv},
  archiveprefix = {arXiv}
}

@report{card1993minimum,
  title = {Minimum Wages and Employment: {{A}} Case Study of the Fast Food Industry in {{New Jersey}} and {{Pennsylvania}}},
  author = {Card, David and Krueger, Alan B},
  date = {1993},
  institution = {{National Bureau of Economic Research}}
}

@inproceedings{carlini2017evaluating,
  title = {Towards Evaluating the Robustness of Neural Networks},
  booktitle = {2017 Ieee Symposium on Security and Privacy (Sp)},
  author = {Carlini, Nicholas and Wagner, David},
  date = {2017},
  pages = {39--57},
  publisher = {{IEEE}}
}

@article{carlisle2019racist,
  title = {Racist Data Destruction? - a {{Boston}} Housing Dataset Controversy},
  author = {Carlisle, M.},
  date = {2019},
  url = {https://medium.com/@docintangible/racist-data-destruction-113e3eff54a8}
}

@article{carrell2009does,
  title = {Does Your Cohort Matter? {{Measuring}} Peer Effects in College Achievement},
  author = {Carrell, Scott E and Fullerton, Richard L and West, James E},
  date = {2009},
  journaltitle = {Journal of Labor Economics},
  volume = {27},
  number = {3},
  pages = {439--464}
}

@article{carrell2013natural,
  title = {From Natural Variation to Optimal Policy? {{The}} Importance of Endogenous Peer Group Formation},
  author = {Carrell, Scott E and Sacerdote, Bruce I and West, James E},
  date = {2013},
  journaltitle = {Econometrica : journal of the Econometric Society},
  shortjournal = {Econometrica},
  volume = {81},
  number = {3},
  pages = {855--882}
}

@article{carrizosa2021generating,
  title = {Generating {{Collective Counterfactual Explanations}} in {{Score-Based Classification}} via {{Mathematical Optimization}}},
  author = {Carrizosa, Emilio and Ramırez-Ayerbe, Jasone and Romero, Dolores},
  date = {2021}
}

@article{cascarino2022explainable,
  title = {Explainable {{Artificial Intelligence}}: Interpreting Default Forecasting Models Based on {{Machine Learning}}},
  author = {Cascarino, Giuseppe and Moscatelli, Mirko and Parlapiano, Fabio},
  date = {2022},
  journaltitle = {Bank of Italy Occasional Paper},
  number = {674}
}

@article{chandola2009anomaly,
  title = {Anomaly Detection: {{A}} Survey},
  author = {Chandola, Varun and Banerjee, Arindam and Kumar, Vipin},
  date = {2009},
  journaltitle = {ACM computing surveys (CSUR)},
  volume = {41},
  number = {3},
  pages = {1--58}
}

@article{chapelle2011empirical,
  title = {An Empirical Evaluation of Thompson Sampling},
  author = {Chapelle, Olivier and Li, Lihong},
  date = {2011},
  journaltitle = {Advances in neural information processing systems},
  volume = {24},
  pages = {2249--2257}
}

@article{chetty2011adjustment,
  title = {Adjustment Costs, Firm Responses, and Micro vs. Macro Labor Supply Elasticities: {{Evidence}} from {{Danish}} Tax Records},
  author = {Chetty, Raj and Friedman, John N and Olsen, Tore and Pistaferri, Luigi},
  date = {2011},
  journaltitle = {The quarterly journal of economics},
  volume = {126},
  number = {2},
  pages = {749--804}
}

@article{cortes1995supportvector,
  title = {Support-Vector Networks},
  author = {Cortes, Corinna and Vapnik, Vladimir},
  date = {1995},
  journaltitle = {Machine learning},
  volume = {20},
  number = {3},
  pages = {273--297}
}

@article{crawford2019variable,
  title = {Variable Prioritization in Nonlinear Black Box Methods: {{A}} Genetic Association Case Study},
  author = {Crawford, Lorin and Flaxman, Seth R and Runcie, Daniel E and West, Mike},
  date = {2019},
  journaltitle = {The annals of applied statistics},
  volume = {13},
  number = {2},
  pages = {958}
}

@inproceedings{dai2022counterfactual,
  title = {Counterfactual Explanations for Prediction and Diagnosis in Xai},
  author = {Dai, Xinyue and Keane, Mark T and Shalloo, Laurence and Ruelle, Elodie and Byrne, Ruth MJ},
  date = {2022},
  pages = {215--226},
  eventtitle = {Proceedings of the 2022 {{AAAI}}/{{ACM Conference}} on {{AI}}, {{Ethics}}, and {{Society}}}
}

@article{danielsson2021artificial,
  title = {Artificial Intelligence and Systemic Risk},
  author = {Danielsson, Jon and Macrae, Robert and Uthemann, Andreas},
  date = {2021},
  journaltitle = {Journal of Banking \& Finance},
  pages = {106290}
}

@article{daxberger2021laplace,
  title = {Laplace {{Redux-Effortless Bayesian Deep Learning}}},
  author = {Daxberger, Erik and Kristiadi, Agustinus and Immer, Alexander and Eschenhagen, Runa and Bauer, Matthias and Hennig, Philipp},
  date = {2021},
  journaltitle = {Advances in Neural Information Processing Systems},
  volume = {34}
}

@article{dehejia1999causal,
  title = {Causal Effects in Nonexperimental Studies: {{Reevaluating}} the Evaluation of Training Programs},
  author = {Dehejia, Rajeev H and Wahba, Sadek},
  date = {1999},
  journaltitle = {Journal of the American statistical Association},
  volume = {94},
  number = {448},
  pages = {1053--1062}
}

@article{dell2010persistent,
  title = {The Persistent Effects of {{Peru}}'s Mining Mita},
  author = {Dell, Melissa},
  date = {2010},
  journaltitle = {Econometrica : journal of the Econometric Society},
  shortjournal = {Econometrica},
  volume = {78},
  number = {6},
  pages = {1863--1903}
}

@article{denhengst2020reinforcement,
  title = {Reinforcement Learning for Personalization: {{A}} Systematic Literature Review},
  author = {den Hengst, Floris and Grua, Eoin Martino and el Hassouni, Ali and Hoogendoorn, Mark},
  options = {useprefix=true},
  date = {2020},
  journaltitle = {Data Science},
  pages = {1--41},
  issue = {Preprint}
}

@article{deoliveira2021framework,
  title = {A Framework and Benchmarking Study for Counterfactual Generating Methods on Tabular Data},
  author = {de Oliveira, Raphael Mazzine Barbosa and Martens, David},
  options = {useprefix=true},
  date = {2021},
  journaltitle = {Applied Sciences},
  volume = {11},
  number = {16},
  pages = {7274}
}

@article{dhurandhar2018explanations,
  title = {Explanations Based on the Missing: {{Towards}} Contrastive Explanations with Pertinent Negatives},
  author = {Dhurandhar, Amit and Chen, Pin-Yu and Luss, Ronny and Tu, Chun-Chen and Ting, Paishun and Shanmugam, Karthikeyan and Das, Payel},
  date = {2018},
  journaltitle = {Advances in neural information processing systems},
  volume = {31}
}

@inproceedings{dombrowski2021diffeomorphic,
  title = {Diffeomorphic Explanations with Normalizing Flows},
  booktitle = {{{ICML Workshop}} on {{Invertible Neural Networks}}, {{Normalizing Flows}}, and {{Explicit Likelihood Models}}},
  author = {Dombrowski, Ann-Kathrin and Gerken, Jan E and Kessel, Pan},
  date = {2021}
}

@inproceedings{dorffner1996neural,
  title = {Neural Networks for Time Series Processing},
  booktitle = {Neural Network World},
  author = {Dorffner, Georg},
  date = {1996},
  publisher = {{Citeseer}}
}

@article{epstein1979stability,
  title = {The Stability of Behavior: {{I}}. {{On}} Predicting Most of the People Much of the Time.},
  author = {Epstein, Seymour},
  date = {1979},
  journaltitle = {Journal of personality and social psychology},
  volume = {37},
  number = {7},
  pages = {1097}
}

@article{falk2006clean,
  title = {Clean Evidence on Peer Effects},
  author = {Falk, Armin and Ichino, Andrea},
  date = {2006},
  journaltitle = {Journal of labor economics},
  volume = {24},
  number = {1},
  pages = {39--57}
}

@unpublished{fan2020interpretability,
  title = {On Interpretability of Artificial Neural Networks},
  author = {Fan, Fenglei and Xiong, Jinjun and Wang, Ge},
  date = {2020},
  eprint = {2001.02522},
  eprinttype = {arxiv},
  archiveprefix = {arXiv}
}

@article{fang2011dynamic,
  title = {Dynamic Inefficiencies in an Employment-Based Health Insurance System: {{Theory}} and Evidence},
  author = {Fang, Hanming and Gavazza, Alessandro},
  date = {2011},
  journaltitle = {American Economic Review},
  volume = {101},
  number = {7},
  pages = {3047--77}
}

@article{fehr2000cooperation,
  title = {Cooperation and Punishment in Public Goods Experiments},
  author = {Fehr, Ernst and Gachter, Simon},
  date = {2000},
  journaltitle = {American Economic Review},
  volume = {90},
  number = {4},
  pages = {980--994}
}

@article{fix1951important,
  title = {An Important Contribution to Nonparametric Discriminant Analysis and Density Estimation},
  author = {Fix, E and Hodges, J},
  date = {1951},
  journaltitle = {International Statistical Review},
  volume = {3},
  number = {57},
  pages = {233--238}
}

@book{friedman2008monetary,
  title = {A Monetary History of the {{United States}}, 1867-1960},
  author = {Friedman, Milton and Schwartz, Anna Jacobson},
  date = {2008},
  volume = {14},
  publisher = {{Princeton University Press}}
}

@inproceedings{gal2016dropout,
  title = {Dropout as a Bayesian Approximation: {{Representing}} Model Uncertainty in Deep Learning},
  booktitle = {International Conference on Machine Learning},
  author = {Gal, Yarin and Ghahramani, Zoubin},
  date = {2016},
  pages = {1050--1059},
  publisher = {{PMLR}}
}

@inproceedings{gal2017deep,
  title = {Deep Bayesian Active Learning with Image Data},
  booktitle = {International {{Conference}} on {{Machine Learning}}},
  author = {Gal, Yarin and Islam, Riashat and Ghahramani, Zoubin},
  date = {2017},
  pages = {1183--1192},
  publisher = {{PMLR}}
}

@article{galizzi2019external,
  title = {On the External Validity of Social Preference Games: A Systematic Lab-Field Study},
  author = {Galizzi, Matteo M and Navarro-Martinez, Daniel},
  date = {2019},
  journaltitle = {Management Science},
  volume = {65},
  number = {3},
  pages = {976--1002}
}

@article{gama2014survey,
  title = {A Survey on Concept Drift Adaptation},
  author = {Gama, João and Žliobaitė, Indrė and Bifet, Albert and Pechenizkiy, Mykola and Bouchachia, Abdelhamid},
  date = {2014},
  journaltitle = {ACM computing surveys (CSUR)},
  volume = {46},
  number = {4},
  pages = {1--37}
}

@unpublished{garivier2008upperconfidence,
  title = {On Upper-Confidence Bound Policies for Non-Stationary Bandit Problems},
  author = {Garivier, Aurélien and Moulines, Eric},
  date = {2008},
  eprint = {0805.3415},
  eprinttype = {arxiv},
  archiveprefix = {arXiv}
}

@book{gelman2013bayesian,
  title = {Bayesian Data Analysis},
  author = {Gelman, Andrew and Carlin, John B and Stern, Hal S and Dunson, David B and Vehtari, Aki and Rubin, Donald B},
  date = {2013},
  publisher = {{CRC press}}
}

@article{gilbert1998immune,
  title = {Immune Neglect: A Source of Durability Bias in Affective Forecasting.},
  author = {Gilbert, Daniel T and Pinel, Elizabeth C and Wilson, Timothy D and Blumberg, Stephen J and Wheatley, Thalia P},
  date = {1998},
  journaltitle = {Journal of personality and social psychology},
  volume = {75},
  number = {3},
  pages = {617}
}

@article{gneezy2006uncertainty,
  title = {The Uncertainty Effect: {{When}} a Risky Prospect Is Valued Less than Its Worst Possible Outcome},
  author = {Gneezy, Uri and List, John A and Wu, George},
  date = {2006},
  journaltitle = {The Quarterly Journal of Economics},
  volume = {121},
  number = {4},
  pages = {1283--1309}
}

@incollection{goan2020bayesian,
  title = {Bayesian {{Neural Networks}}: {{An Introduction}} and {{Survey}}},
  booktitle = {Case {{Studies}} in {{Applied Bayesian Data Science}}},
  author = {Goan, Ethan and Fookes, Clinton},
  date = {2020},
  pages = {45--87},
  publisher = {{Springer}}
}

@article{goldsmith-pinkham2013social,
  title = {Social Networks and the Identification of Peer Effects},
  author = {Goldsmith-Pinkham, Paul and Imbens, Guido W},
  date = {2013},
  journaltitle = {Journal of Business \& Economic Statistics},
  volume = {31},
  number = {3},
  pages = {253--264}
}

@unpublished{goodfellow2014explaining,
  title = {Explaining and Harnessing Adversarial Examples},
  author = {Goodfellow, Ian J and Shlens, Jonathon and Szegedy, Christian},
  date = {2014},
  eprint = {1412.6572},
  eprinttype = {arxiv},
  archiveprefix = {arXiv}
}

@book{goodfellow2016deep,
  title = {Deep {{Learning}}},
  author = {Goodfellow, Ian and Bengio, Yoshua and Courville, Aaron},
  date = {2016},
  publisher = {{MIT Press}}
}

@article{goodfriend2005incredible,
  title = {The Incredible {{Volcker}} Disinflation},
  author = {Goodfriend, Marvin and King, Robert G},
  date = {2005},
  journaltitle = {Journal of Monetary Economics},
  volume = {52},
  number = {5},
  pages = {981--1015}
}

@article{graham2017econometric,
  title = {An Econometric Model of Network Formation with Degree Heterogeneity},
  author = {Graham, Bryan S},
  date = {2017},
  journaltitle = {Econometrica : journal of the Econometric Society},
  shortjournal = {Econometrica},
  volume = {85},
  number = {4},
  pages = {1033--1063}
}

@article{greene2012econometric,
  title = {Econometric Analysis, 71e},
  author = {Greene, William H},
  date = {2012},
  journaltitle = {Stern School of Business, New York University}
}

@article{grether1979economic,
  title = {Economic Theory of Choice and the Preference Reversal Phenomenon},
  author = {Grether, David M and Plott, Charles R},
  date = {1979},
  journaltitle = {The American Economic Review},
  volume = {69},
  number = {4},
  pages = {623--638}
}

@article{gretton2012kernel,
  title = {A Kernel Two-Sample Test},
  author = {Gretton, Arthur and Borgwardt, Karsten M and Rasch, Malte J and Schölkopf, Bernhard and Smola, Alexander},
  date = {2012},
  journaltitle = {The Journal of Machine Learning Research},
  volume = {13},
  number = {1},
  pages = {723--773}
}

@unpublished{griffith2020name,
  title = {Name {{Your Friends}}, but {{Only Five}}? {{The Importance}} of {{Censoring}} in {{Peer Effects Estimates}} Using {{Social Network Data}}},
  author = {Griffith, Alan},
  date = {2020}
}

@unpublished{grinsztajn2022why,
  title = {Why Do Tree-Based Models Still Outperform Deep Learning on Tabular Data?},
  author = {Grinsztajn, Léo and Oyallon, Edouard and Varoquaux, Gaël},
  date = {2022},
  eprint = {2207.08815},
  eprinttype = {arxiv},
  archiveprefix = {arXiv}
}

@misc{group2020detailed,
  title = {Detailed {{Epidemiological Data}} from the {{COVID-19 Outbreak}}},
  author = {Group, Open COVID-19 Data Working},
  date = {2020}
}

@inproceedings{gupta2011thompson,
  title = {Thompson Sampling for Dynamic Multi-Armed Bandits},
  booktitle = {2011 10th {{International Conference}} on {{Machine Learning}} and {{Applications}} and {{Workshops}}},
  author = {Gupta, Neha and Granmo, Ole-Christoffer and Agrawala, Ashok},
  date = {2011},
  volume = {1},
  pages = {484--489},
  publisher = {{IEEE}}
}

@book{hamilton2020time,
  title = {Time Series Analysis},
  author = {Hamilton, James Douglas},
  date = {2020},
  publisher = {{Princeton university press}}
}

@article{hamon2020robustness,
  title = {Robustness and Explainability of Artificial Intelligence},
  author = {Hamon, Ronan and Junklewitz, Henrik and Sanchez, Ignacio},
  date = {2020},
  journaltitle = {Publications Office of the European Union}
}

@article{hamzacebi2008improving,
  title = {Improving Artificial Neural Networks' Performance in Seasonal Time Series Forecasting},
  author = {Hamzaçebi, Coşkun},
  date = {2008},
  journaltitle = {Information Sciences},
  volume = {178},
  number = {23},
  pages = {4550--4559}
}

@inproceedings{hanneke2007bound,
  title = {A Bound on the Label Complexity of Agnostic Active Learning},
  booktitle = {Proceedings of the 24th International Conference on {{Machine}} Learning},
  author = {Hanneke, Steve},
  date = {2007},
  pages = {353--360}
}

@article{hansen2020virtue,
  title = {The Virtue of Simplicity: {{On}} Machine Learning Models in Algorithmic Trading},
  author = {Hansen, Kristian Bondo},
  date = {2020},
  journaltitle = {Big Data \& Society},
  volume = {7},
  number = {1},
  pages = {2053951720926558}
}

@article{hartland2006multiarmed,
  title = {Multi-Armed Bandit, Dynamic Environments and Meta-Bandits},
  author = {Hartland, Cédric and Gelly, Sylvain and Baskiotis, Nicolas and Teytaud, Olivier and Sebag, Michele},
  date = {2006}
}

@article{heckman1985alternative,
  title = {Alternative Methods for Evaluating the Impact of Interventions: {{An}} Overview},
  author = {Heckman, James J and Robb Jr, Richard},
  date = {1985},
  journaltitle = {Journal of econometrics},
  volume = {30},
  number = {1-2},
  pages = {239--267}
}

@article{hershfield2011increasing,
  title = {Increasing Saving Behavior through Age-Progressed Renderings of the Future Self},
  author = {Hershfield, Hal E and Goldstein, Daniel G and Sharpe, William F and Fox, Jesse and Yeykelis, Leo and Carstensen, Laura L and Bailenson, Jeremy N},
  date = {2011},
  journaltitle = {Journal of Marketing Research},
  volume = {48},
  pages = {S23--S37},
  issue = {SPL}
}

@inproceedings{ho1995random,
  title = {Random Decision Forests},
  booktitle = {Proceedings of 3rd International Conference on Document Analysis and Recognition},
  author = {Ho, Tin Kam},
  date = {1995},
  volume = {1},
  pages = {278--282},
  publisher = {{IEEE}}
}

@article{hochreiter1997long,
  title = {Long Short-Term Memory},
  author = {Hochreiter, Sepp and Schmidhuber, Jürgen},
  date = {1997},
  journaltitle = {Neural computation},
  volume = {9},
  number = {8},
  pages = {1735--1780}
}

@misc{hoffman1994german,
  title = {German {{Credit Data}}},
  author = {Hoffman, Hans},
  date = {1994},
  url = {https://archive.ics.uci.edu/ml/datasets/statlog+(german+credit+data)}
}

@unpublished{houlsby2011bayesian,
  title = {Bayesian Active Learning for Classification and Preference Learning},
  author = {Houlsby, Neil and Huszár, Ferenc and Ghahramani, Zoubin and Lengyel, Máté},
  date = {2011},
  eprint = {1112.5745},
  eprinttype = {arxiv},
  archiveprefix = {arXiv}
}

@article{hsee1996evaluability,
  title = {The Evaluability Hypothesis: {{An}} Explanation for Preference Reversals between Joint and Separate Evaluations of Alternatives},
  author = {Hsee, Christopher K},
  date = {1996},
  journaltitle = {Organizational behavior and human decision processes},
  volume = {67},
  number = {3},
  pages = {247--257}
}

@article{hsee2004music,
  title = {Music, Pandas, and Muggers: On the Affective Psychology of Value.},
  author = {Hsee, Christopher K and Rottenstreich, Yuval},
  date = {2004},
  journaltitle = {Journal of Experimental Psychology: General},
  volume = {133},
  number = {1},
  pages = {23}
}

@article{hsieh2016social,
  title = {A Social Interactions Model with Endogenous Friendship Formation and Selectivity},
  author = {Hsieh, Chih-Sheng and Lee, Lung Fei},
  date = {2016},
  journaltitle = {Journal of Applied Econometrics},
  volume = {31},
  number = {2},
  pages = {301--319}
}

@unpublished{immer2020improving,
  title = {Improving Predictions of Bayesian Neural Networks via Local Linearization},
  author = {Immer, Alexander and Korzepa, Maciej and Bauer, Matthias},
  date = {2020},
  eprint = {2008.08400},
  eprinttype = {arxiv},
  archiveprefix = {arXiv}
}

@unpublished{innes2018fashionable,
  title = {Fashionable Modelling with Flux},
  author = {Innes, Michael and Saba, Elliot and Fischer, Keno and Gandhi, Dhairya and Rudilosso, Marco Concetto and Joy, Neethu Mariya and Karmali, Tejan and Pal, Avik and Shah, Viral},
  date = {2018},
  eprint = {1811.01457},
  eprinttype = {arxiv},
  archiveprefix = {arXiv}
}

@article{innes2018flux,
  title = {Flux: {{Elegant}} Machine Learning with {{Julia}}},
  author = {Innes, Mike},
  date = {2018},
  journaltitle = {Journal of Open Source Software},
  volume = {3},
  number = {25},
  pages = {602}
}

@unpublished{ish-horowicz2019interpreting,
  title = {Interpreting Deep Neural Networks through Variable Importance},
  author = {Ish-Horowicz, Jonathan and Udwin, Dana and Flaxman, Seth and Filippi, Sarah and Crawford, Lorin},
  date = {2019},
  eprint = {1901.09839},
  eprinttype = {arxiv},
  archiveprefix = {arXiv}
}

@inproceedings{jabbari2017fairness,
  title = {Fairness in Reinforcement Learning},
  booktitle = {International {{Conference}} on {{Machine Learning}}},
  author = {Jabbari, Shahin and Joseph, Matthew and Kearns, Michael and Morgenstern, Jamie and Roth, Aaron},
  date = {2017},
  pages = {1617--1626},
  publisher = {{PMLR}}
}

@article{jackson2007meeting,
  title = {Meeting Strangers and Friends of Friends: {{How}} Random Are Social Networks?},
  author = {Jackson, Matthew O and Rogers, Brian W},
  date = {2007},
  journaltitle = {American Economic Review},
  volume = {97},
  number = {3},
  pages = {890--915}
}

@unpublished{jeanneret2022diffusion,
  title = {Diffusion {{Models}} for {{Counterfactual Explanations}}},
  author = {Jeanneret, Guillaume and Simon, Loïc and Jurie, Frédéric},
  date = {2022},
  eprint = {2203.15636},
  eprinttype = {arxiv},
  archiveprefix = {arXiv}
}

@article{johansson2005failure,
  title = {Failure to Detect Mismatches between Intention and Outcome in a Simple Decision Task},
  author = {Johansson, Petter and Hall, Lars and Sikström, Sverker and Olsson, Andreas},
  date = {2005},
  journaltitle = {Science (New York, N.Y.)},
  shortjournal = {Science},
  volume = {310},
  number = {5745},
  pages = {116--119}
}

@article{johnsson2021estimation,
  title = {Estimation of Peer Effects in Endogenous Social Networks: {{Control}} Function Approach},
  author = {Johnsson, Ida and Moon, Hyungsik Roger},
  date = {2021},
  journaltitle = {Review of Economics and Statistics},
  volume = {103},
  number = {2},
  pages = {328--345}
}

@article{jolliffe2003modified,
  title = {A Modified Principal Component Technique Based on the {{LASSO}}},
  author = {Jolliffe, Ian T and Trendafilov, Nickolay T and Uddin, Mudassir},
  date = {2003},
  journaltitle = {Journal of computational and Graphical Statistics},
  volume = {12},
  number = {3},
  pages = {531--547}
}

@article{joseph2021forecasting,
  title = {Forecasting Uk Inflation Bottom Up},
  author = {Joseph, Andreas and Kalamara, Eleni and Kapetanios, George and Potjagailo, Galina},
  date = {2021}
}

@unpublished{joshi2019realistic,
  title = {Towards Realistic Individual Recourse and Actionable Explanations in Black-Box Decision Making Systems},
  author = {Joshi, Shalmali and Koyejo, Oluwasanmi and Vijitbenjaronk, Warut and Kim, Been and Ghosh, Joydeep},
  date = {2019},
  eprint = {1907.09615},
  eprinttype = {arxiv},
  archiveprefix = {arXiv}
}

@unpublished{jospin2020handson,
  title = {Hands-on {{Bayesian Neural Networks}}–a {{Tutorial}} for {{Deep Learning Users}}},
  author = {Jospin, Laurent Valentin and Buntine, Wray and Boussaid, Farid and Laga, Hamid and Bennamoun, Mohammed},
  date = {2020},
  eprint = {2007.06823},
  eprinttype = {arxiv},
  archiveprefix = {arXiv}
}

@misc{kaggle2011give,
  title = {Give Me Some Credit, {{Improve}} on the State of the Art in Credit Scoring by Predicting the Probability That Somebody Will Experience Financial Distress in the next Two Years.},
  author = {Kaggle},
  date = {2011},
  publisher = {{Kaggle}},
  url = {https://www.kaggle.com/c/GiveMeSomeCredit}
}

@article{kahneman1979prospect,
  title = {Prospect {{Theory}}: {{An Analysis}} of {{Decision}} under {{Risk}}},
  author = {Kahneman, Daniel and Tversky, Amos},
  date = {1979},
  journaltitle = {Econometrica: Journal of the Econometric Society},
  pages = {263--291}
}

@article{kahneman1990experimental,
  title = {Experimental Tests of the Endowment Effect and the {{Coase}} Theorem},
  author = {Kahneman, Daniel and Knetsch, Jack L and Thaler, Richard H},
  date = {1990},
  journaltitle = {Journal of political Economy},
  volume = {98},
  number = {6},
  pages = {1325--1348}
}

@article{kahneman1992reference,
  title = {Reference Points, Anchors, Norms, and Mixed Feelings},
  author = {Kahneman, Daniel},
  date = {1992},
  journaltitle = {Organizational behavior and human decision processes},
  volume = {51},
  number = {2},
  pages = {296--312}
}

@unpublished{karimi2020algorithmic,
  title = {Algorithmic Recourse under Imperfect Causal Knowledge: A Probabilistic Approach},
  author = {Karimi, Amir-Hossein and Von Kügelgen, Julius and Schölkopf, Bernhard and Valera, Isabel},
  date = {2020},
  eprint = {2006.06831},
  eprinttype = {arxiv},
  archiveprefix = {arXiv}
}

@unpublished{karimi2020survey,
  title = {A Survey of Algorithmic Recourse: Definitions, Formulations, Solutions, and Prospects},
  author = {Karimi, Amir-Hossein and Barthe, Gilles and Schölkopf, Bernhard and Valera, Isabel},
  date = {2020},
  eprint = {2010.04050},
  eprinttype = {arxiv},
  archiveprefix = {arXiv}
}

@inproceedings{karimi2021algorithmic,
  title = {Algorithmic Recourse: From Counterfactual Explanations to Interventions},
  booktitle = {Proceedings of the 2021 {{ACM Conference}} on {{Fairness}}, {{Accountability}}, and {{Transparency}}},
  author = {Karimi, Amir-Hossein and Schölkopf, Bernhard and Valera, Isabel},
  date = {2021},
  pages = {353--362}
}

@inproceedings{kaur2020interpreting,
  title = {Interpreting Interpretability: Understanding Data Scientists' Use of Interpretability Tools for Machine Learning},
  booktitle = {Proceedings of the 2020 {{CHI}} Conference on Human Factors in Computing Systems},
  author = {Kaur, Harmanpreet and Nori, Harsha and Jenkins, Samuel and Caruana, Rich and Wallach, Hanna and Wortman Vaughan, Jennifer},
  date = {2020},
  pages = {1--14}
}

@article{kehoe2021defence,
  title = {Defence against Adversarial Attacks Using Classical and Quantum-Enhanced {{Boltzmann}} Machines},
  author = {Kehoe, Aidan and Wittek, Peter and Xue, Yanbo and Pozas-Kerstjens, Alejandro},
  date = {2021},
  journaltitle = {Machine Learning: Science and Technology}
}

@unpublished{kendall2017what,
  title = {What Uncertainties Do We Need in Bayesian Deep Learning for Computer Vision?},
  author = {Kendall, Alex and Gal, Yarin},
  date = {2017},
  eprint = {1703.04977},
  eprinttype = {arxiv},
  archiveprefix = {arXiv}
}

@article{kihoro2004seasonal,
  title = {Seasonal Time Series Forecasting: {{A}} Comparative Study of {{ARIMA}} and {{ANN}} Models},
  author = {Kihoro, J and Otieno, RO and Wafula, C},
  date = {2004}
}

@book{kilian2017structural,
  title = {Structural Vector Autoregressive Analysis},
  author = {Kilian, Lutz and Lütkepohl, Helmut},
  date = {2017},
  publisher = {{Cambridge University Press}}
}

@unpublished{kingma2014adam,
  title = {Adam: {{A}} Method for Stochastic Optimization},
  author = {Kingma, Diederik P and Ba, Jimmy},
  date = {2014},
  eprint = {1412.6980},
  eprinttype = {arxiv},
  archiveprefix = {arXiv}
}

@article{kirsch2019batchbald,
  title = {Batchbald: {{Efficient}} and Diverse Batch Acquisition for Deep Bayesian Active Learning},
  author = {Kirsch, Andreas and Van Amersfoort, Joost and Gal, Yarin},
  date = {2019},
  journaltitle = {Advances in neural information processing systems},
  volume = {32},
  pages = {7026--7037}
}

@unpublished{kuiper2021exploring,
  title = {Exploring {{Explainable AI}} in the {{Financial Sector}}: {{Perspectives}} of {{Banks}} and {{Supervisory Authorities}}},
  author = {Kuiper, Ouren and van den Berg, Martin and van den Burgt, Joost and Leijnen, Stefan},
  date = {2021},
  eprint = {2111.02244},
  eprinttype = {arxiv},
  archiveprefix = {arXiv}
}

@article{kydland1982time,
  title = {Time to Build and Aggregate Fluctuations},
  author = {Kydland, Finn E and Prescott, Edward C},
  date = {1982},
  journaltitle = {Econometrica: Journal of the Econometric Society},
  pages = {1345--1370}
}

@unpublished{lachapelle2019gradientbased,
  title = {Gradient-Based Neural Dag Learning},
  author = {Lachapelle, Sébastien and Brouillard, Philippe and Deleu, Tristan and Lacoste-Julien, Simon},
  date = {2019},
  eprint = {1906.02226},
  eprinttype = {arxiv},
  archiveprefix = {arXiv}
}

@inproceedings{lakkaraju2020how,
  title = {" {{How}} Do {{I}} Fool You?" {{Manipulating User Trust}} via {{Misleading Black Box Explanations}}},
  booktitle = {Proceedings of the {{AAAI}}/{{ACM Conference}} on {{AI}}, {{Ethics}}, and {{Society}}},
  author = {Lakkaraju, Himabindu and Bastani, Osbert},
  date = {2020},
  pages = {79--85}
}

@unpublished{lakshminarayanan2016simple,
  title = {Simple and Scalable Predictive Uncertainty Estimation Using Deep Ensembles},
  author = {Lakshminarayanan, Balaji and Pritzel, Alexander and Blundell, Charles},
  date = {2016},
  eprint = {1612.01474},
  eprinttype = {arxiv},
  archiveprefix = {arXiv}
}

@unpublished{laugel2017inverse,
  title = {Inverse Classification for Comparison-Based Interpretability in Machine Learning},
  author = {Laugel, Thibault and Lesot, Marie-Jeanne and Marsala, Christophe and Renard, Xavier and Detyniecki, Marcin},
  date = {2017},
  shortjournal = {arXiv preprint arXiv:1712.08443},
  eprint = {1712.08443},
  eprinttype = {arxiv},
  archiveprefix = {arXiv}
}

@thesis{lawrence2001variational,
  type = {phdthesis},
  title = {Variational Inference in Probabilistic Models},
  author = {Lawrence, Neil David},
  date = {2001},
  institution = {{University of Cambridge}}
}

@article{lecun1998mnist,
  title = {The {{MNIST}} Database of Handwritten Digits},
  author = {LeCun, Yann},
  date = {1998},
  shortjournal = {http://yann. lecun. com/exdb/mnist/}
}

@article{lee2003best,
  title = {Best Spatial Two-Stage Least Squares Estimators for a Spatial Autoregressive Model with Autoregressive Disturbances},
  author = {Lee, Lung-fei},
  date = {2003},
  journaltitle = {Econometric Reviews},
  volume = {22},
  number = {4},
  pages = {307--335}
}

@article{lerner2013financial,
  title = {The Financial Costs of Sadness},
  author = {Lerner, Jennifer S and Li, Ye and Weber, Elke U},
  date = {2013},
  journaltitle = {Psychological science},
  volume = {24},
  number = {1},
  pages = {72--79}
}

@article{list2004neoclassical,
  title = {Neoclassical Theory versus Prospect Theory: {{Evidence}} from the Marketplace},
  author = {List, John A},
  date = {2004},
  journaltitle = {Econometrica : journal of the Econometric Society},
  shortjournal = {Econometrica},
  volume = {72},
  number = {2},
  pages = {615--625}
}

@article{lucas1976econometric,
  title = {Econometric Policy Evaluation: A Critique `, in {{K}}. {{Brunner}} and {{A Meltzer}}, {{The Phillips}} Curve and Labor Markets, {{North Holland}}},
  author = {Lucas, JR},
  date = {1976}
}

@inproceedings{lundberg2017unified,
  title = {A Unified Approach to Interpreting Model Predictions},
  booktitle = {Proceedings of the 31st International Conference on Neural Information Processing Systems},
  author = {Lundberg, Scott M and Lee, Su-In},
  date = {2017},
  pages = {4768--4777}
}

@book{lutkepohl2005new,
  title = {New Introduction to Multiple Time Series Analysis},
  author = {Lütkepohl, Helmut},
  date = {2005},
  publisher = {{Springer Science \& Business Media}}
}

@article{madrian2001power,
  title = {The Power of Suggestion: {{Inertia}} in 401 (k) Participation and Savings Behavior},
  author = {Madrian, Brigitte C and Shea, Dennis F},
  date = {2001},
  journaltitle = {The Quarterly journal of economics},
  volume = {116},
  number = {4},
  pages = {1149--1187}
}

@book{manning2008introduction,
  title = {Introduction to Information Retrieval},
  author = {Manning, Christopher D and Schütze, Hinrich and Raghavan, Prabhakar},
  date = {2008},
  publisher = {{Cambridge university press}}
}

@article{manski1993identification,
  title = {Identification of Endogenous Social Effects: {{The}} Reflection Problem},
  author = {Manski, Charles F},
  date = {1993},
  journaltitle = {The review of economic studies},
  volume = {60},
  number = {3},
  pages = {531--542}
}

@article{markle2018goals,
  title = {Goals as Reference Points in Marathon Running: {{A}} Novel Test of Reference Dependence},
  author = {Markle, Alex and Wu, George and White, Rebecca and Sackett, Aaron},
  date = {2018},
  journaltitle = {Journal of Risk and Uncertainty},
  volume = {56},
  number = {1},
  pages = {19--50}
}

@article{masini2021machine,
  title = {Machine Learning Advances for Time Series Forecasting},
  author = {Masini, Ricardo P and Medeiros, Marcelo C and Mendes, Eduardo F},
  date = {2021},
  journaltitle = {Journal of Economic Surveys}
}

@article{mccracken2016fredmd,
  title = {{{FRED-MD}}: {{A}} Monthly Database for Macroeconomic Research},
  author = {McCracken, Michael W and Ng, Serena},
  date = {2016},
  journaltitle = {Journal of Business \& Economic Statistics},
  volume = {34},
  number = {4},
  pages = {574--589}
}

@article{mcculloch1990logical,
  title = {A Logical Calculus of the Ideas Immanent in Nervous Activity},
  author = {McCulloch, Warren S and Pitts, Walter},
  date = {1990},
  journaltitle = {Bulletin of mathematical biology},
  volume = {52},
  number = {1},
  pages = {99--115}
}

@article{migut2015visualizing,
  title = {Visualizing Multi-Dimensional Decision Boundaries in {{2D}}},
  author = {Migut, MA and Worring, Marcel and Veenman, Cor J},
  date = {2015},
  journaltitle = {Data Mining and Knowledge Discovery},
  volume = {29},
  number = {1},
  pages = {273--295}
}

@article{miller2019explanation,
  title = {Explanation in Artificial Intelligence: {{Insights}} from the Social Sciences},
  author = {Miller, Tim},
  date = {2019},
  journaltitle = {Artificial intelligence},
  volume = {267},
  pages = {1--38}
}

@article{mischel1988nature,
  title = {The Nature of Adolescent Competencies Predicted by Preschool Delay of Gratification.},
  author = {Mischel, Walter and Shoda, Yuichi and Peake, Philip K},
  date = {1988},
  journaltitle = {Journal of personality and social psychology},
  volume = {54},
  number = {4},
  pages = {687}
}

@inproceedings{mittelstadt2019explaining,
  title = {Explaining Explanations in {{AI}}},
  booktitle = {Proceedings of the Conference on Fairness, Accountability, and Transparency},
  author = {Mittelstadt, Brent and Russell, Chris and Wachter, Sandra},
  date = {2019},
  pages = {279--288}
}

@book{molnar2020interpretable,
  title = {Interpretable Machine Learning},
  author = {Molnar, Christoph},
  date = {2020},
  publisher = {{Lulu. com}}
}

@book{morgan2015counterfactuals,
  title = {Counterfactuals and Causal Inference},
  author = {Morgan, Stephen L and Winship, Christopher},
  date = {2015},
  publisher = {{Cambridge University Press}}
}

@article{mosteller1951experimental,
  title = {An Experimental Measurement of Utility},
  author = {Mosteller, Frederick and Nogee, Philip},
  date = {1951},
  journaltitle = {Journal of Political Economy},
  volume = {59},
  number = {5},
  pages = {371--404}
}

@inproceedings{mothilal2020explaining,
  title = {Explaining Machine Learning Classifiers through Diverse Counterfactual Explanations},
  booktitle = {Proceedings of the 2020 {{Conference}} on {{Fairness}}, {{Accountability}}, and {{Transparency}}},
  author = {Mothilal, Ramaravind K and Sharma, Amit and Tan, Chenhao},
  date = {2020},
  pages = {607--617}
}

@book{murphy2012machine,
  title = {Machine Learning: A Probabilistic Perspective},
  author = {Murphy, Kevin P},
  date = {2012},
  publisher = {{MIT press}}
}

@book{murphy2022probabilistic,
  title = {Probabilistic {{Machine Learning}}: {{An}} Introduction},
  author = {Murphy, Kevin P},
  date = {2022},
  publisher = {{MIT Press}}
}

@article{nagel1995unraveling,
  title = {Unraveling in Guessing Games: {{An}} Experimental Study},
  author = {Nagel, Rosemarie},
  date = {1995},
  journaltitle = {The American Economic Review},
  volume = {85},
  number = {5},
  pages = {1313--1326}
}

@unpublished{navarro-martinez2021bridging,
  title = {Bridging the Gap between the Lab and the Field: {{Dictator}} Games and Donations},
  author = {Navarro-Martinez, Daniel and Wang, Xinghua},
  date = {2021}
}

@inproceedings{nelson2015evaluating,
  title = {Evaluating Model Drift in Machine Learning Algorithms},
  booktitle = {2015 {{IEEE Symposium}} on {{Computational Intelligence}} for {{Security}} and {{Defense Applications}} ({{CISDA}})},
  author = {Nelson, Kevin and Corbin, George and Anania, Mark and Kovacs, Matthew and Tobias, Jeremy and Blowers, Misty},
  date = {2015},
  pages = {1--8},
  publisher = {{IEEE}}
}

@book{nocedal2006numerical,
  title = {Numerical Optimization},
  author = {Nocedal, Jorge and Wright, Stephen},
  date = {2006},
  publisher = {{Springer Science \& Business Media}}
}

@misc{oecd2021artificial,
  title = {Artificial {{Intelligence}}, {{Machine Learning}} and {{Big Data}} in {{Finance}}: {{Opportunities}}, {{Challenges}} and {{Implications}} for {{Policy Makers}}},
  author = {{OECD}},
  date = {2021},
  url = {https://www.oecd.org/finance/financial-markets/Artificial-intelligence-machine-learning-big-data-in-finance.pdf}
}

@book{oneil2016weapons,
  title = {Weapons of Math Destruction: {{How}} Big Data Increases Inequality and Threatens Democracy},
  author = {O'Neil, Cathy},
  date = {2016},
  publisher = {{Crown}}
}

@article{pace1997sparse,
  title = {Sparse Spatial Autoregressions},
  author = {Pace, R Kelley and Barry, Ronald},
  date = {1997},
  journaltitle = {Statistics \& Probability Letters},
  volume = {33},
  number = {3},
  pages = {291--297}
}

@unpublished{parr2018matrix,
  title = {The Matrix Calculus You Need for Deep Learning},
  author = {Parr, Terence and Howard, Jeremy},
  date = {2018},
  eprint = {1802.01528},
  eprinttype = {arxiv},
  archiveprefix = {arXiv}
}

@unpublished{pawelczyk2021carla,
  title = {Carla: A Python Library to Benchmark Algorithmic Recourse and Counterfactual Explanation Algorithms},
  author = {Pawelczyk, Martin and Bielawski, Sascha and van den Heuvel, Johannes and Richter, Tobias and Kasneci, Gjergji},
  date = {2021},
  eprint = {2108.00783},
  eprinttype = {arxiv},
  archiveprefix = {arXiv}
}

@book{pearl2018book,
  title = {The Book of Why: The New Science of Cause and Effect},
  author = {Pearl, Judea and Mackenzie, Dana},
  date = {2018},
  publisher = {{Basic books}}
}

@article{pearl2019seven,
  title = {The Seven Tools of Causal Inference, with Reflections on Machine Learning},
  author = {Pearl, Judea},
  date = {2019},
  journaltitle = {Communications of the ACM},
  volume = {62},
  number = {3},
  pages = {54--60}
}

@article{pedregosa2011scikitlearn,
  title = {Scikit-Learn: {{Machine}} Learning in {{Python}}},
  author = {Pedregosa, Fabian and Varoquaux, Gaël and Gramfort, Alexandre and Michel, Vincent and Thirion, Bertrand and Grisel, Olivier and Blondel, Mathieu and Prettenhofer, Peter and Weiss, Ron and Dubourg, Vincent and others},
  date = {2011},
  journaltitle = {the Journal of machine Learning research},
  volume = {12},
  pages = {2825--2830}
}

@book{perry2010economic,
  title = {Economic {{Events}}, {{Ideas}}, and {{Policies}}: The 1960s and After},
  author = {Perry, George L and Tobin, James},
  date = {2010},
  publisher = {{Brookings Institution Press}}
}

@article{pfaff2008var,
  title = {{{VAR}}, {{SVAR}} and {{SVEC}} Models: {{Implementation}} within {{R}} Package Vars},
  author = {Pfaff, Bernhard and others},
  date = {2008},
  journaltitle = {Journal of Statistical Software},
  volume = {27},
  number = {4},
  pages = {1--32}
}

@book{pindyck2014microeconomics,
  title = {Microeconomics},
  author = {Pindyck, Robert S and Rubinfeld, Daniel L},
  date = {2014},
  publisher = {{Pearson Education}}
}

@article{pope2011numbers,
  title = {Round Numbers as Goals: {{Evidence}} from Baseball, {{SAT}} Takers, and the Lab},
  author = {Pope, Devin and Simonsohn, Uri},
  date = {2011},
  journaltitle = {Psychological science},
  volume = {22},
  number = {1},
  pages = {71--79}
}

@inproceedings{poyiadzi2020face,
  title = {{{FACE}}: {{Feasible}} and Actionable Counterfactual Explanations},
  booktitle = {Proceedings of the {{AAAI}}/{{ACM Conference}} on {{AI}}, {{Ethics}}, and {{Society}}},
  author = {Poyiadzi, Rafael and Sokol, Kacper and Santos-Rodriguez, Raul and De Bie, Tijl and Flach, Peter},
  date = {2020},
  pages = {344--350}
}

@article{qu2015estimating,
  title = {Estimating a Spatial Autoregressive Model with an Endogenous Spatial Weight Matrix},
  author = {Qu, Xi and Lee, Lung-fei},
  date = {2015},
  journaltitle = {Journal of Econometrics},
  volume = {184},
  number = {2},
  pages = {209--232}
}

@article{rabanser2019failing,
  title = {Failing Loudly: {{An}} Empirical Study of Methods for Detecting Dataset Shift},
  author = {Rabanser, Stephan and Günnemann, Stephan and Lipton, Zachary},
  date = {2019},
  journaltitle = {Advances in Neural Information Processing Systems},
  volume = {32}
}

@unpublished{raghunathan2019adversarial,
  title = {Adversarial Training Can Hurt Generalization},
  author = {Raghunathan, Aditi and Xie, Sang Michael and Yang, Fanny and Duchi, John C and Liang, Percy},
  date = {2019},
  eprint = {1906.06032},
  eprinttype = {arxiv},
  archiveprefix = {arXiv}
}

@unpublished{raj2017taming,
  title = {Taming Non-Stationary Bandits: {{A Bayesian}} Approach},
  author = {Raj, Vishnu and Kalyani, Sheetal},
  date = {2017},
  eprint = {1707.09727},
  eprinttype = {arxiv},
  archiveprefix = {arXiv}
}

@inproceedings{rasmussen2003gaussian,
  title = {Gaussian Processes in Machine Learning},
  booktitle = {Summer School on Machine Learning},
  author = {Rasmussen, Carl Edward},
  date = {2003},
  pages = {63--71},
  publisher = {{Springer}}
}

@inproceedings{ribeiro2016why,
  title = {"{{Why}} Should i Trust You?" {{Explaining}} the Predictions of Any Classifier},
  booktitle = {Proceedings of the 22nd {{ACM SIGKDD}} International Conference on Knowledge Discovery and Data Mining},
  author = {Ribeiro, Marco Tulio and Singh, Sameer and Guestrin, Carlos},
  date = {2016},
  pages = {1135--1144}
}

@article{romer1989does,
  title = {Does Monetary Policy Matter? {{A}} New Test in the Spirit of {{Friedman}} and {{Schwartz}}},
  author = {Romer, Christina D and Romer, David H},
  date = {1989},
  journaltitle = {NBER macroeconomics annual},
  volume = {4},
  pages = {121--170}
}

@article{rudin2019stop,
  title = {Stop Explaining Black Box Machine Learning Models for High Stakes Decisions and Use Interpretable Models Instead},
  author = {Rudin, Cynthia},
  date = {2019},
  journaltitle = {Nature Machine Intelligence},
  volume = {1},
  number = {5},
  pages = {206--215}
}

@article{sacerdote2001peer,
  title = {Peer Effects with Random Assignment: {{Results}} for {{Dartmouth}} Roommates},
  author = {Sacerdote, Bruce},
  date = {2001},
  journaltitle = {The Quarterly journal of economics},
  volume = {116},
  number = {2},
  pages = {681--704}
}

@article{sadinle2019least,
  title = {Least Ambiguous Set-Valued Classifiers with Bounded Error Levels},
  author = {Sadinle, Mauricio and Lei, Jing and Wasserman, Larry},
  date = {2019},
  journaltitle = {Journal of the American Statistical Association},
  volume = {114},
  number = {525},
  pages = {223--234},
  publisher = {{Taylor \& Francis}},
  file = {/Users/FA31DU/Zotero/storage/YXQ8N76A/Sadinle et al. - 2019 - Least ambiguous set-valued classifiers with bounde.pdf;/Users/FA31DU/Zotero/storage/ZHB56F3V/01621459.2017.html}
}

@inproceedings{satopaa2011finding,
  title = {Finding a" Kneedle" in a Haystack: {{Detecting}} Knee Points in System Behavior},
  booktitle = {2011 31st International Conference on Distributed Computing Systems Workshops},
  author = {Satopaa, Ville and Albrecht, Jeannie and Irwin, David and Raghavan, Barath},
  date = {2011},
  pages = {166--171},
  publisher = {{IEEE}}
}

@inproceedings{schut2021generating,
  title = {Generating {{Interpretable Counterfactual Explanations By Implicit Minimisation}} of {{Epistemic}} and {{Aleatoric Uncertainties}}},
  booktitle = {International {{Conference}} on {{Artificial Intelligence}} and {{Statistics}}},
  author = {Schut, Lisa and Key, Oscar and Mc Grath, Rory and Costabello, Luca and Sacaleanu, Bogdan and Gal, Yarin and others},
  date = {2021},
  pages = {1756--1764},
  publisher = {{PMLR}}
}

@book{schutze2008introduction,
  title = {Introduction to Information Retrieval},
  author = {Schütze, Hinrich and Manning, Christopher D and Raghavan, Prabhakar},
  date = {2008},
  volume = {39},
  publisher = {{Cambridge University Press Cambridge}}
}

@article{shafir1993reasonbased,
  title = {Reason-Based Choice},
  author = {Shafir, Eldar and Simonson, Itamar and Tversky, Amos},
  date = {1993},
  journaltitle = {Cognition},
  volume = {49},
  number = {1-2},
  pages = {11--36}
}

@article{simonson1989choice,
  title = {Choice Based on Reasons: {{The}} Case of Attraction and Compromise Effects},
  author = {Simonson, Itamar},
  date = {1989},
  journaltitle = {Journal of consumer research},
  volume = {16},
  number = {2},
  pages = {158--174}
}

@article{sims1986are,
  title = {Are Forecasting Models Usable for Policy Analysis?},
  author = {Sims, Christopher A and others},
  date = {1986},
  journaltitle = {Quarterly Review},
  volume = {10},
  pages = {2--16},
  issue = {Win}
}

@inproceedings{slack2020fooling,
  title = {Fooling Lime and Shap: {{Adversarial}} Attacks on Post Hoc Explanation Methods},
  booktitle = {Proceedings of the {{AAAI}}/{{ACM Conference}} on {{AI}}, {{Ethics}}, and {{Society}}},
  author = {Slack, Dylan and Hilgard, Sophie and Jia, Emily and Singh, Sameer and Lakkaraju, Himabindu},
  date = {2020},
  pages = {180--186}
}

@article{slack2021counterfactual,
  title = {Counterfactual Explanations Can Be Manipulated},
  author = {Slack, Dylan and Hilgard, Anna and Lakkaraju, Himabindu and Singh, Sameer},
  date = {2021},
  journaltitle = {Advances in Neural Information Processing Systems},
  volume = {34}
}

@article{slovic1974who,
  title = {Who Accepts {{Savage}}'s Axiom?},
  author = {Slovic, Paul and Tversky, Amos},
  date = {1974},
  journaltitle = {Behavioral science},
  volume = {19},
  number = {6},
  pages = {368--373}
}

@unpublished{spooner2021counterfactual,
  title = {Counterfactual {{Explanations}} for {{Arbitrary Regression Models}}},
  author = {Spooner, Thomas and Dervovic, Danial and Long, Jason and Shepard, Jon and Chen, Jiahao and Magazzeni, Daniele},
  date = {2021},
  shortjournal = {arXiv preprint arXiv:2106.15212},
  eprint = {2106.15212},
  eprinttype = {arxiv},
  archiveprefix = {arXiv}
}

@article{srivastava2014dropout,
  title = {Dropout: A Simple Way to Prevent Neural Networks from Overfitting},
  author = {Srivastava, Nitish and Hinton, Geoffrey and Krizhevsky, Alex and Sutskever, Ilya and Salakhutdinov, Ruslan},
  date = {2014},
  journaltitle = {The journal of machine learning research},
  volume = {15},
  number = {1},
  pages = {1929--1958}
}

@article{sturm2014simple,
  title = {A Simple Method to Determine If a Music Information Retrieval System Is a “Horse”},
  author = {Sturm, Bob L},
  date = {2014},
  journaltitle = {IEEE Transactions on Multimedia},
  volume = {16},
  number = {6},
  pages = {1636--1644}
}

@article{sunstein2003libertarian,
  title = {Libertarian Paternalism Is Not an Oxymoron},
  author = {Sunstein, Cass R and Thaler, Richard H},
  date = {2003},
  journaltitle = {The University of Chicago Law Review},
  pages = {1159--1202}
}

@book{sutton2018reinforcement,
  title = {Reinforcement Learning: {{An}} Introduction},
  author = {Sutton, Richard S and Barto, Andrew G},
  date = {2018},
  publisher = {{MIT press}}
}

@unpublished{szegedy2013intriguing,
  title = {Intriguing Properties of Neural Networks},
  author = {Szegedy, Christian and Zaremba, Wojciech and Sutskever, Ilya and Bruna, Joan and Erhan, Dumitru and Goodfellow, Ian and Fergus, Rob},
  date = {2013},
  eprint = {1312.6199},
  eprinttype = {arxiv},
  archiveprefix = {arXiv}
}

@article{thaler1981empirical,
  title = {Some Empirical Evidence on Dynamic Inconsistency},
  author = {Thaler, Richard},
  date = {1981},
  journaltitle = {Economics letters},
  volume = {8},
  number = {3},
  pages = {201--207}
}

@article{thaler2004more,
  title = {Save More Tomorrow™: {{Using}} Behavioral Economics to Increase Employee Saving},
  author = {Thaler, Richard H and Benartzi, Shlomo},
  date = {2004},
  journaltitle = {Journal of political Economy},
  volume = {112},
  number = {S1},
  pages = {S164--S187}
}

@article{tversky1981framing,
  title = {The Framing of Decisions and the Psychology of Choice},
  author = {Tversky, Amos and Kahneman, Daniel},
  date = {1981},
  journaltitle = {Science (New York, N.Y.)},
  shortjournal = {science},
  volume = {211},
  number = {4481},
  pages = {453--458}
}

@article{ungemach2011how,
  title = {How Incidental Values from the Environment Affect Decisions about Money, Risk, and Delay},
  author = {Ungemach, Christoph and Stewart, Neil and Reimers, Stian},
  date = {2011},
  journaltitle = {Psychological Science},
  volume = {22},
  number = {2},
  pages = {253--260}
}

@unpublished{upadhyay2021robust,
  title = {Towards {{Robust}} and {{Reliable Algorithmic Recourse}}},
  author = {Upadhyay, Sohini and Joshi, Shalmali and Lakkaraju, Himabindu},
  date = {2021},
  eprint = {2102.13620},
  eprinttype = {arxiv},
  archiveprefix = {arXiv}
}

@inproceedings{ustun2019actionable,
  title = {Actionable Recourse in Linear Classification},
  booktitle = {Proceedings of the {{Conference}} on {{Fairness}}, {{Accountability}}, and {{Transparency}}},
  author = {Ustun, Berk and Spangher, Alexander and Liu, Yang},
  date = {2019},
  pages = {10--19}
}

@article{vanboven2000egocentric,
  title = {Egocentric Empathy Gaps between Owners and Buyers: Misperceptions of the Endowment Effect.},
  author = {Van Boven, Leaf and Dunning, David and Loewenstein, George},
  date = {2000},
  journaltitle = {Journal of personality and social psychology},
  volume = {79},
  number = {1},
  pages = {66}
}

@book{varshney2022trustworthy,
  title = {Trustworthy {{Machine Learning}}},
  author = {Varshney, Kush R.},
  date = {2022},
  publisher = {{Independently Published}},
  location = {{Chappaqua, NY, USA}}
}

@unpublished{verma2020counterfactual,
  title = {Counterfactual Explanations for Machine Learning: {{A}} Review},
  author = {Verma, Sahil and Dickerson, John and Hines, Keegan},
  date = {2020},
  eprint = {2010.10596},
  eprinttype = {arxiv},
  archiveprefix = {arXiv}
}

@article{verstyuk2020modeling,
  title = {Modeling Multivariate Time Series in Economics: {{From}} Auto-Regressions to Recurrent Neural Networks},
  author = {Verstyuk, Sergiy},
  date = {2020},
  journaltitle = {Available at SSRN 3589337}
}

@article{wachter2017counterfactual,
  title = {Counterfactual Explanations without Opening the Black Box: {{Automated}} Decisions and the {{GDPR}}},
  author = {Wachter, Sandra and Mittelstadt, Brent and Russell, Chris},
  date = {2017},
  journaltitle = {Harv. JL \& Tech.},
  volume = {31},
  pages = {841}
}

@article{wang2018optimal,
  title = {Optimal Subsampling for Large Sample Logistic Regression},
  author = {Wang, HaiYing and Zhu, Rong and Ma, Ping},
  date = {2018},
  journaltitle = {Journal of the American Statistical Association},
  volume = {113},
  number = {522},
  pages = {829--844}
}

@book{wasserman2006all,
  title = {All of Nonparametric Statistics},
  author = {Wasserman, Larry},
  date = {2006},
  publisher = {{Springer Science \& Business Media}}
}

@book{wasserman2013all,
  title = {All of Statistics: A Concise Course in Statistical Inference},
  author = {Wasserman, Larry},
  date = {2013},
  publisher = {{Springer Science \& Business Media}}
}

@article{widmer1996learning,
  title = {Learning in the Presence of Concept Drift and Hidden Contexts},
  author = {Widmer, Gerhard and Kubat, Miroslav},
  date = {1996},
  journaltitle = {Machine learning},
  volume = {23},
  number = {1},
  pages = {69--101}
}

@unpublished{wilson2020case,
  title = {The Case for {{Bayesian}} Deep Learning},
  author = {Wilson, Andrew Gordon},
  date = {2020},
  eprint = {2001.10995},
  eprinttype = {arxiv},
  archiveprefix = {arXiv}
}

@article{witten2009penalized,
  title = {A Penalized Matrix Decomposition, with Applications to Sparse Principal Components and Canonical Correlation Analysis},
  author = {Witten, Daniela M and Tibshirani, Robert and Hastie, Trevor},
  date = {2009},
  journaltitle = {Biostatistics (Oxford, England)},
  shortjournal = {Biostatistics},
  volume = {10},
  number = {3},
  pages = {515--534}
}

@article{xu2020epidemiological,
  title = {Epidemiological Data from the {{COVID-19}} Outbreak, Real-Time Case Information},
  author = {Xu, Bo and Gutierrez, Bernardo and Mekaru, Sumiko and Sewalk, Kara and Goodwin, Lauren and Loskill, Alyssa and Cohn, Emily and Hswen, Yulin and Hill, Sarah C. and Cobo, Maria M and Zarebski, Alexander and Li, Sabrina and Wu, Chieh-Hsi and Hulland, Erin and Morgan, Julia and Wang, Lin and O'Brien, Katelynn and Scarpino, Samuel V. and Brownstein, John S. and Pybus, Oliver G. and Pigott, David M. and Kraemer, Moritz U. G.},
  date = {2020},
  journaltitle = {Scientific Data},
  volume = {7},
  number = {106},
  doi = {doi.org/10.1038/s41597-020-0448-0}
}

@article{yeh2009comparisons,
  title = {The Comparisons of Data Mining Techniques for the Predictive Accuracy of Probability of Default of Credit Card Clients},
  author = {Yeh, I-Cheng and Lien, Che-hui},
  date = {2009},
  journaltitle = {Expert systems with applications},
  volume = {36},
  number = {2},
  pages = {2473--2480}
}

@article{zhang1998forecasting,
  title = {Forecasting with Artificial Neural Networks:: {{The}} State of the Art},
  author = {Zhang, Guoqiang and Patuwo, B Eddy and Hu, Michael Y},
  date = {1998},
  journaltitle = {International journal of forecasting},
  volume = {14},
  number = {1},
  pages = {35--62}
}

@article{zhang2003time,
  title = {Time Series Forecasting Using a Hybrid {{ARIMA}} and Neural Network Model},
  author = {Zhang, G Peter},
  date = {2003},
  journaltitle = {Neurocomputing},
  volume = {50},
  pages = {159--175}
}

@unpublished{zheng2018dags,
  title = {Dags with No Tears: {{Continuous}} Optimization for Structure Learning},
  author = {Zheng, Xun and Aragam, Bryon and Ravikumar, Pradeep and Xing, Eric P},
  date = {2018},
  eprint = {1803.01422},
  eprinttype = {arxiv},
  archiveprefix = {arXiv}
}

@article{zhu2015optimal,
  title = {Optimal Subsampling Approaches for Large Sample Linear Regression},
  author = {Zhu, Rong and Ma, Ping and Mahoney, Michael W and Yu, Bin},
  date = {2015},
  journaltitle = {arXiv},
  pages = {arXiv--1509}
}


